3000 4859
463 320 677 391 mnenon
707 322 810 391 atas
838 330 865 391 1.
1145 304 1206 409 43,

117 476 248 565 σελήνην
264 479 446 563 μεταβολῆς
474 478 534 565 τῆν
561 480 761 545 συντέλειαν·
818 472 921 557 ἄλλως
946 480 1006 566 γόρ
1027 481 1233 553 taatrennu

116 580 307 663 μειουμένης
327 577 431 663 αότῆς
452 577 507 643 κατ’
527 570 632 654 ἄλλως
651 580 829 663 αόξομὲνης
847 577 888 643 τό
909 581 1050 664 στόματα,
1071 588 1129 648 νόν
1144 586 1206 664 μὲν

117 674 275 761 ληγοόσης
307 674 408 762 όραιό
439 676 589 762 γινόμενα
619 682 675 743 καί
701 679 797 760 κενοί,
826 682 885 743 νόν
905 679 941 743 tt
961 680 1136 766 ου’ξομένης
1154 684 1211 747 καὶ

118 776 197 861 πρός
215 776 253 843 τό
281 779 402 861 πλῆρες
421 776 616 862 ἐπειγομένης
641 776 696 843 καί
714 777 796 843 αότό
819 774 915 844 πόλιν
935 778 1208 864 ἀναπληρούμενα,

97 879 201 949 ileliae
217 872 380 967 όγρότηιό
389 900 460 943 τινα
474 878 646 963 θερμότητι
664 880 858 963 κεκραμένην
876 880 931 944 ε’πό
948 875 983 944 τό
996 879 1095 961 βόθος
1120 877 1209 967 φθό·

119 1000 218 1043 νοντα
241 972 419 1061 λεληθότως
438 979 551 1061 όνιήσι.
594 980 727 1063 δηλοῦσι
749 981 888 1043 diesim
911 976 967 1044 καί
985 976 1016 1043 oi
1036 979 1211 1045 καθεύδον-

119 1100 170 1153 τες
188 1080 246 1161 τῆς
273 1074 336 1140 όπό
371 1074 501 1161 σελήνης
530 1074 698 1162 όγρότητος
725 1079 879 1160 περισσῆς
909 1074 966 1154 τός
993 1079 1050 1161 τῆς
1070 1080 1211 1163 κεφαλῆς

121 1178 325 1261 εόρνχωρίας
341 1172 573 1261 πληρούμενοι,
594 1170 643 1241 ἔτι
666 1178 702 1241 δὲ
728 1176 770 1241 τό
792 1180 954 1262 νεοσφαγῆ
970 1179 1033 1241 τοῖν
1051 1179 1152 1261 κρεῶν
1173 1180 1212 1264 τῇ

121 1279 283 1363 προσβολῇ
297 1278 353 1361 τῆς
372 1275 505 1359 σελήνης
532 1278 655 1357 ταχέως
668 1273 854 1361 τρεπόμενα.
869 1275 950 1342 κατὰ
972 1278 1065 1342 τοῦτο
1084 1276 1140 1358 xpi
1157 1278 1212 1361 ἐφ’

86 1372 263 1459 ιοόρματος
285 1372 388 1459 αότήν
404 1377 460 1437 και·
473 1372 530 1439 alio
543 1371 670 1460 ταόρων
685 1378 873 1454 καθιζουσιν
891 1370 936 1452 σός
958 1378 1136 1441 κυκλοῦσαν
1156 1372 1214 1439 τόν

123 1472 239 1557 κόσμον
257 1474 316 1538 καί
335 1466 536 1559 α’ροτριαῖσαν
553 1473 610 1539 καί
627 1476 840 1557 σπείρουσαν,
860 1471 1075 1559 όγραίνουσόν
1100 1498 1136 1539 τε
1156 1472 1215 1538 και*

125 1574 376 1659 θερμαίνονσαν.
420 1578 523 1639 ταῦτα
544 1578 580 1641 tl
601 1571 702 1639 πάντα
723 1573 781 1639 οόκ
801 1570 842 1640 όν
864 1570 1011 1658 ἐξήρκεσε
1038 1580 1078 1662 τῆ
1096 1570 1244 1659 {aurien

125 1675 287 1739 α’λλοιιόσει
308 1676 540 1756 σνμμεθιοτόν,
561 1674 593 1739 ei
611 1670 656 1759 μή
668 1697 704 1758 γε
726 1672 808 1738 κατό
827 1672 886 1759 τήν
905 1677 962 1759 τῆς
981 1678 1107 1761 γραφῆς
1127 1698 1213 1755 μαρ-

127 1776 234 1857 τυριάν
244 1768 416 1858 όπερφυής
434 1795 484 1848 τις
500 1770 652 1857 ότόγχοινε
672 1775 712 1859 τῇ
732 1774 864 1854 δυνάμει
877 1796 912 1837 τε
933 1771 1145 1857 ὑπερέχουσα.
1158 1766 1215 1836 οό-

89 1878 174 1945 rico
191 1875 249 1953 μὲν
271 1866 333 1936 σόν
352 1872 387 1937 ἐκ
407 1874 461 1957 τῆς
481 1871 582 1948 αἰτίας
593 1872 707 1959 ταότης
720 1873 776 1937 καί
793 1870 834 1937 τό
857 1871 936 1938 κατὰ
953 1871 1009 1940 τόν
1021 1872 1103 1956 elipe
1124 1872 1213 1956 πάθη

131 1975 351 2052 amuranus,
385 1969 430 2047 uic
450 1975 669 2058 μαρτυροῦσιν
691 1968 769 2054 ῆμΐν
788 1972 823 2035 αἱ
847 1964 930 2037 'aare
953 1972 1011 2057 τήν
1042 1973 1214 2055 νουμηνίαν

131 2070 273 2147 πολλάκις
287 2065 351 2135 ciui
363 2072 498 2156 γαλήνης
512 2074 567 2137 κατ’
587 2074 735 2157 νηνεμίας
747 2069 902 2157 αἰφνίδια
920 2071 1062 2156 ταραχαὶ
1082 2075 1146 2135 τῶν
1162 2093 1216 2135 νε-

131 2172 197 2256 peis
215 2174 434 2251 κλονουμένων
455 2172 510 2235 καί
528 2170 769 2253 συμπιπτόντων
798 2170 966 2254 α’λλήλοις,
989 2168 1023 2235 αἱ
1043 2168 1118 2253 περὶ
1136 2168 1253 2247 τοόςν,
1266 2191 1297 2245 13

127 2270 273 2354 εόρόιανς
297 2293 332 2334 τι
361 2270 564 2357 παλίρροιαν,
591 2272 648 2335 καί
671 2265 692 2354 ή
713 2272 789 2356 περὶ
805 2268 860 2335 τόν
888 2267 1049 2353 λεγόμενον
1066 2268 1214 2333 Ὠκεανόν

86 2360 278 2454 scalpam,
298 2365 339 2454 ῆν
355 2376 427 2445 ταῖς
446 2369 606 2457 περιόδοις
626 2368 682 2455 τῆς
702 2364 833 2455 σελήνης
852 2368 1048 2452 τεταγμένως
1062 2361 1216 2456 ἑπομένην

131 2658 169 2711 ris
185 2674 200 2711 e
219 2664 290 2711 terra
317 2661 494 2715 nascentibus
516 2660 597 2715 rebus
625 2658 753 2732 equidem
778 2660 903 2715 arbitror.
930 2678 994 2714 narn
1011 2660 1092 2714 aliter
1109 2660 1217 2714 adiecta

128 2740 192 2783 eant
219 2748 329 2801 corpora
356 2731 421 2783 luna
446 2732 586 2785 deminuta
609 2749 689 2803 quam
716 2748 775 2785 esse
802 2734 909 2786 soleant
934 2733 1029 2786 eadem
1046 2740 1217 2801 augescente.

129 2802 231 2871 quippe
249 2820 309 2853 oum
333 2802 428 2856 delicit
445 2820 476 2855 no
493 2804 679 2869 imminuitur,
702 2804 765 2855 lasa
785 2813 849 2857 sunt
865 2814 948 2875 atque
966 2822 1067 2856 vacuat
1086 2821 1147 2854 curn
1167 2819 1218 2853 an-

128 2872 260 2940 gestitet
289 2872 324 2924 ad
342 2873 542 2943 plenitudinem
567 2892 642 2926 suana
670 2886 813 2945 properat,
837 2893 949 2945 corpora
973 2889 1084 2946 quoque
1112 2889 1220 2925 rursum

128 2943 227 3013 repleri
248 2942 387 3009 ridemus,
405 2944 488 3015 idque
501 2954 647 3015 propterea
661 2944 736 3016 quod
753 2946 893 2997 humorem
911 2946 1048 3017 quendum
1067 2962 1126 2996 cum
1143 2943 1219 2995 caio-

128 3030 156 3065 re
174 3023 357 3083 temperatum
374 3022 403 3067 ct
430 3016 464 3067 ad
485 3016 537 3067 lma
557 3032 642 3087 usque
659 3018 842 3086 pertinentem
860 3018 939 3086 qnasi
958 3018 1040 3068 tacite
1059 3014 1220 3085 corporibus

128 3084 266 3139 immittat.
286 3086 462 3139 animadverti
481 3086 534 3139 hoc
562 3085 597 3138 de
618 3088 651 3139 iis
668 3104 780 3158 quoque
797 3095 904 3156 potest,
926 3088 977 3156 qui
992 3086 1026 3139 ad
1044 3087 1137 3139 lunam
1155 3083 1221 3137 dor-

127 3156 245 3209 mientes
273 3156 409 3227 snperiluo
438 3156 553 3209 humore
569 3158 665 3229 capitis
689 3159 866 3227 capacitatem
887 3173 993 3208 omnem
1014 3158 1114 3225 repleri
1131 3147 1221 3209 senti'·

128 3236 183 3279 unt
201 3223 300 3279 itidem
318 3244 412 3280 carnes
427 3244 520 3281 recens
541 3237 717 3281 mactatorum
737 3230 895 3280 animalium
913 3228 947 3279 ad
968 3228 1061 3278 lunam
1080 3228 1220 3297 expositae

128 3306 156 3349 et
172 3296 208 3349 ab
230 3299 290 3351 eius
315 3299 399 3351 radiis
417 3304 534 3351 attactae
554 3300 607 3352 cito
624 3308 765 3353 mutantur
784 3316 815 3351 ac
843 3306 1012 3369 putrescunt.
1032 3314 1063 3349 ea
1084 3297 1119 3350 de
1139 3314 1221 3351 cenea

127 3368 221 3421 innam
241 3368 270 3421 in
291 3387 388 3431 curru,
414 3369 521 3423 duobus
539 3371 623 3423 tauris
643 3369 793 3435 adiunctis,
819 3371 971 3434 collocant,
990 3376 1120 3439 tanquam
1139 3386 1221 3421 mun-

128 3437 191 3491 dam
211 3440 287 3492 hunc
316 3441 500 3505 ambientem,
523 3450 661 3506 arantem,
679 3448 828 3494 sementem
846 3442 875 3493 in
895 3440 1107 3503 comdentem,
1125 3440 1222 3492 hume·

127 3518 249 3563 mantem
269 3519 353 3581 atque
377 3511 572 3565 oeliacieutem.
590 3511 658 3564 haec
683 3513 774 3563 omnia
794 3528 858 3563 vero
882 3530 932 3582 per
950 3511 1167 3563 immutationem
1186 3511 1222 3561 ii·

126 3580 182 3633 lam
201 3582 324 3651 corporis
343 3582 386 3633 sui
403 3584 534 3652 perficere
560 3599 734 3653 nequaquam
750 3592 863 3653 posset,
881 3584 904 3635 si
922 3598 980 3637 non
999 3583 1112 3635 eximiae
1130 3582 1223 3632 cuius·

128 3649 190 3704 dam
210 3652 408 3721 magnitudinie
427 3653 558 3723 singulari
576 3670 636 3705 cum
657 3655 684 3706 vi
702 3662 731 3707 et
749 3653 907 3706 efficacitate
925 3654 1107 3717 coniunctae,
1125 3668 1223 3721 quern·

126 3722 277 3775 edmodma
295 3732 326 3775 et
342 3724 451 3777 litterae
469 3740 559 3777 sacrae
575 3732 725 3789 testantur,
750 3734 830 3777 esset
849 3732 932 3795 atque
949 3724 1002 3777 hac
1021 3742 1086 3777 sane
1105 3722 1139 3775 de
1157 3738 1223 3774 can-

127 3794 305 3847 caridemus
336 3802 365 3847 et
381 3796 453 3848 atris
479 3795 648 3849 adiectiones
668 3805 753 3848 certas
772 3796 904 3859 existere,
925 3793 1153 3865 quemadmodum
1172 3792 1223 3845 ds-

127 3864 237 3917 clarant
255 3874 366 3918 exortae
385 3882 579 3935 saepenumero
597 3866 732 3919 novilunii
750 3876 874 3937 tempore
895 3866 1047 3919 desummo
1065 3864 1223 3934 tranquilli-

127 3942 203 3997 tate,
235 3946 379 3989 rsntorum
407 3938 527 3989 omnium
553 3947 681 4008 experte,
704 3936 924 4007 perturbationes
957 3938 1027 3990 aleris
1047 3936 1222 4005 repentinae,

126 4004 253 4059 nubibus
280 4007 352 4060 inter
371 4024 401 4059 se
418 4008 519 4061 collisis
537 4009 671 4078 quasique
695 4008 912 4077 confligentibus.
930 4008 1070 4061 declarant
1089 4015 1118 4058 et
1135 4006 1222 4056 itunae

127 4094 160 4129 ac
180 4076 300 4129 niluaus
313 4094 441 4148 aquarum
455 4079 482 4130 in
494 4080 608 4151 euripis,
627 4079 730 4151 illaque
748 4081 806 4148 ipsa
823 4097 894 4150 quae
913 4080 944 4132 fit
962 4080 991 4131 in
1002 4079 1112 4129 Oceano
1130 4077 1222 4143 (quem

127 4150 243 4217 vocant)
259 4150 340 4203 maris
369 4151 562 4219 reciprocatio,
586 4168 666 4219 quarn
693 4152 804 4219 ‹pridern
823 4150 945 4202 homines
961 4149 1097 4201 littoribus
1114 4145 1223 4196 marinis

130 4218 244 4273 finitimi
262 4236 313 4291 per
330 4228 413 4275 statar
432 4221 503 4292 sices
520 4220 603 4275 lunae
625 4222 752 4276 οἱτεαίιαι
770 4223 848 4296 sequi
864 4218 1111 4292 deprehenderunt
1130 4215 1224 4269 tracte·
