3000 4859
1185 14 1193 65 l

470 304 683 368 suumruu
711 306 814 371 iaus
846 310 872 371 ι.
1137 280 1217 393 189

123 456 206 530 εἶναι
226 460 364 548 ἔφησεν,
395 456 538 521 τουτέστι
568 457 685 539 γνῶσιν
711 459 903 543 τελεωτέραν
923 459 1011 543 τινά,
1034 448 1072 545 ἧς
1092 462 1245 543 initiat-13

123 586 188 628 νιιν
218 560 277 626 οὐκ
297 557 442 641 α’σφαλὲς
465 562 533 630 τοῖς
552 577 588 637 γε
620 558 813 638 λιχνοτέροις
842 553 898 641 τὴν
919 554 1041 646 ἔφεσιν.
1081 561 1218 645 πρόσεχε

124 652 191 725 σόν.
231 659 391 723 δέδεικται
411 651 473 738 γάρ
495 655 529 717 ἐκ
550 656 675 718 πολλῶν
707 648 757 719 ότι
776 655 926 740 βριόσεως
944 659 1100 743 αἰσθητῆς
1120 661 1154 723 ἐν
1174 658 1217 743 τῷ

123 754 310 844 παραδείσῳ
331 756 389 817 nais
409 744 449 837 ἧν
462 750 570 836 εἰδιῆς
590 749 609 815 ὅ
630 752 750 835 Ἀδάμ·
793 750 955 832 άθάνατος
975 756 1034 839 γάρ
1058 753 1120 821 όπό
1143 758 1222 823 θεοῦ
1310 748 1318 763 ”

98 857 306 940 5παραγθείς
324 856 382 917 asin
401 844 442 936 ἢν
466 848 598 927 σόδενός
615 848 732 936 ἐνδεής.
776 855 832 919 καί
850 852 888 918 τί
901 852 966 939 χρὴ
989 854 1089 919 πολλὰ
1110 858 1221 939 λέγεινς

122 960 154 1023 εί
168 957 245 1021 καθ’
275 948 444 1036 ὁμοιότητα
476 949 540 1015 τεόν
559 943 701 1035 άγγίλων
732 951 768 1017 όν
789 954 831 1039 τῇ
859 948 1032 1019 α’ναστάσει
1053 948 1223 1038 ζήσεταιό

121 1047 293 1138 άιθρωπος
305 1052 396 1136 (,,και“
409 1047 552 1115 ἔσονται”
571 1047 634 1136 γάρ
646 1073 727 1137 φησι
737 1046 873 1133 ,πάντες
893 1050 937 1128 σός
950 1044 1074 1137 άγγελοι
1094 1054 1221 1143 θεαί),

366 1148 508 1226 στάσεως
537 1150 634 1232 χάρις
656 1143 750 1215 οὐδὲν
779 1142 856 1215 ἄλλο
884 1150 971 1217 ἐστίν
992 1148 1070 1217 κατά
1091 1176 1127 1235 γε
1147 1151 1223 1229 τούς

121 1256 234 1329 θείους
248 1254 389 1334 πατέρας
411 1244 432 1333 ἢ
450 1244 528 1331 πρός
544 1245 581 1314 τό
602 1242 738 1334 άρχαῖον
755 1250 819 1313 τῶν
836 1248 1040 1315 πεπτωκότων
1059 1248 1222 1316 ἀποκατά-

82 1375 258 1433 τοστασις,
278 1346 413 1434 εὔδηλον
424 1347 554 1429 ιπιόντας
576 1343 627 1413 δτι
646 1344 709 1434 πρό
732 1352 791 1445 τῆς
820 1348 1034 1435 παραβάσεως
1057 1348 1222 1435 ἰσάγγελοι

122 1445 190 1533 εἶχε
212 1448 271 1534 την
296 1445 381 1531 ζωὴν
406 1443 423 1512 ό
452 1443 571 1528 Ἀδάμ,
593 1442 675 1531 μήτε
697 1441 818 1531 βρωσει
843 1446 924 1531 μήτε
943 1444 1054 1532 πόσει,
1075 1448 1220 1534 καθάπερ

121 1548 259 1635 εἴρηται,
281 1544 456 1631 χρεόμενος,
484 1538 534 1610 ότι
556 1547 639 1629 μηδὲ
660 1543 748 1631 παρὰ
777 1554 842 1623 τοῖς
863 1548 1006 1631 ἀγγέλοις
1026 1550 1136 1625 ου’τοΐς
1155 1572 1251 1629 τοι-ς

122 1645 220 1714 asiais
239 1670 272 1712 τι
292 1643 497 1732 τεθιοόρηται.
538 1644 584 1728 μὴ
605 1646 711 1710 τοίνυν
723 1646 760 1709 όν
776 1647 960 1735 παραδείσῳ
978 1645 1030 1713 τὸν
1050 1641 1222 1734 ἄνθρωπον
1271 1721 1274 1727 .

121 1747 279 1832 αἰσθητῆς
298 1746 513 1836 ἐμφορεῖσθαι
532 1741 642 1825 νόμιζε
665 1743 825 1830 βριόσεως,
848 1740 898 1810 ότι
917 1748 1000 1829 μηδὲ
1017 1744 1130 1833 χρείαν
1154 1741 1221 1829 εἶχε

83 1845 240 1930 εὸταότης
270 1847 372 1911 ἐκεῖσε
400 1840 454 1908 διά
474 1866 511 1926 γε
539 1841 596 1926 την
627 1846 714 1929 αὐτῷ
736 1845 912 1927 τηνικαῦτα
938 1849 1123 1929 προσοῦσαν
1141 1847 1221 1933 άπά-

122 1950 226 2011 θειαν.
246 1944 316 2009 ἀλλ’
331 1946 386 2010 ε’πί
404 1941 527 2019 τούτοις
546 1942 759 2027 άμφιβιόλλειν
779 1940 836 2005 aris
859 1939 1006 2025 ἔπρεπεν.
1027 1944 1136 2029 ἐπειδη
1157 1946 1220 2030 γὰρ

122 2042 162 2108 τότ
193 2038 318 2129 φυσικὰ
337 2043 440 2106 ταῦτα
467 2037 572 2124 πάθη,
598 2049 691 2105 πεῖνα
711 2042 791 2123 λέγω
821 2038 877 2104 καί
897 2042 979 2121 δίψα
1000 2038 1095 2115 κόπος
1124 2040 1221 2121 όπνσς

123 2140 221 2227 όδόνη
250 2138 336 2225 λόπη
360 2142 417 2205 κατ’
446 2138 484 2205 τό
508 2139 621 2221 λοιπά,
642 2136 723 2221 μετά
742 2136 800 2221 τη“ν
824 2134 1008 2223 παράβασιν
1028 2144 1075 2216 εἰς
1094 2138 1146 2207 τόν
1164 2141 1221 2207 άν-

126 2237 289 2327 θροόπινον
309 2242 380 2323 βίον
398 2240 610 2324 είσηλθοσαν,
642 2236 686 2313 ὥς
705 2235 723 2300 ό
744 2233 836 2321 λόγος
856 2231 919 2322 ἤδη
940 2238 1071 2325 φθάσας
1091 2240 1222 2326 ἐγνώρι-

84 2364 198 2422 τσσιν,
219 2340 370 2426 φαίνεται
381 2336 505 2414 πάντας
525 2332 573 2403 ότι
594 2334 655 2422 πρὸ
676 2338 733 2420 τῆς
754 2330 914 2423 άμαρτίας
934 2336 952 2401 ό
974 2329 1143 2423 ἅνθρωπος
1163 2337 1221 2403 σόει

127 2433 193 2522 εἶχε
223 2436 261 2503 τό
292 2434 528 2521 καταναγκάζον
560 2430 662 2502 αότόν
690 2436 847 2520 αἰσθητῆς
875 2433 1036 2502 ἅπτεσθαι
1058 2434 1219 2521 βροόσιως.

128 2539 183 2603 καί
212 2541 248 2604 τί
264 2535 330 2625 χρη
354 2533 455 2603 πολλά
474 2540 593 2619 λέγεινς
615 2530 700 2619 εἴγε
721 2537 842 2623 τροφῆς
869 2526 908 2623 ἦν
928 2533 1035 2622 ἐνδεὴς
1054 2531 1071 2601 ό
1093 2530 1255 2623 άνθρω-ι)

129 2833 265 2904 quandam
284 2831 488 2903 cognitionem,
516 2832 653 2904 adquam
672 2830 840 2885 contendere
858 2831 931 2885 selle
948 2848 1005 2886 non
1023 2840 1113 2887 tutum
1128 2843 1169 2888 est
1186 2836 1221 2891 iis

128 2922 244 2974 quorum
262 2904 400 2974 cupiditas
417 2904 480 2974 plus
493 2919 581 2974 aequa
600 2914 643 2957 est
659 2903 750 2958 avida.
768 2904 853 2972 igitur
870 2904 1068 2959 animadvertas
1082 2922 1141 2958 esse
1157 2922 1223 2977 prn-

129 2974 223 3029 batum
241 2976 422 3046 complurium
442 2976 622 3038 auctoritate,
642 2992 699 3026 non
719 2976 825 3043 eguisse
841 2973 973 3026 Adamum
991 2977 1020 3027 in
1037 2977 1164 3045 paradiso
1183 2976 1223 3028 ei-

92 3052 95 3057 '
128 3044 162 3098 bo
199 3046 304 3099 nodam
322 3045 426 3097 sensili.
447 3047 624 3115 quippenam
644 3045 807 3097 immortalis
824 3060 840 3093 a
858 3043 911 3096 aleo
929 3046 1054 3099 conditus
1073 3056 1161 3111 esset,
1182 3048 1223 3101 rel

127 3118 230 3170 aallsus
251 3115 404 3185 indigebat.
434 3124 464 3169 et
489 3115 558 3187 quid
576 3114 644 3167 haee
665 3132 716 3185 ego
733 3115 866 3185 prolixius
886 3117 992 3169 tracto?
1012 3118 1036 3169 si
1058 3118 1093 3170 ad
1110 3119 1223 3187 angelo-

128 3204 184 3240 rnm
202 3187 414 3241 similitudinem
426 3186 456 3238 in
473 3188 675 3239 resurrectione
693 3187 814 3238 victurus
833 3192 875 3236 est
887 3184 978 3251 bomo,
991 3188 1222 3256 quemadmodum

127 3260 307 3329 perscriptam
337 3258 453 3327 legimus
481 3256 591 3329 (blattb.
612 3272 646 3309 aa
666 3257 712 3325 50)
745 3264 846 3319 „erunt
865 3272 958 3307 omnes
984 3265 1114 3329 tanquam
1132 3258 1222 3328 angeli

126 3330 169 3381 dei
178 3332 204 3393 ,”
233 3338 264 3382 et
281 3345 345 3381 vero
373 3330 397 3381 si
423 3327 629 3381 resurrectionis
652 3326 815 3378 beneficium
840 3325 875 3377 ale
902 3329 1038 3380 sententia
1065 3329 1221 3384 divinorum
1265 3340 1272 3355 ¹

126 3408 235 3471 patrum
253 3398 326 3452 nibil
347 3407 390 3451 est
406 3398 485 3451 aliud
503 3416 584 3469 quam
601 3397 739 3468 lapsorum
760 3396 795 3448 ad
813 3395 1000 3449 condicionem
1017 3400 1159 3468 pristinam
1177 3416 1222 3453 re-

126 3472 245 3534 stitutio,
262 3469 382 3539 intelligi
393 3472 538 3540 perspicue
552 3470 782 3540 potestddsmam
801 3476 865 3520 ante
879 3470 1117 3537 transgressionem
1136 3475 1221 3525 vitam

128 3542 267 3611 angelicae
294 3556 387 3610 parem
415 3542 520 3609 egisse,
543 3556 594 3593 nee
620 3538 682 3592 cibo
707 3554 759 3591 nec
782 3546 868 3609 potu,
889 3556 938 3590 ceu
958 3539 1093 3605 diximus,
1123 3559 1221 3608 usum,

128 3612 238 3682 quando
250 3612 320 3683 quid
329 3611 463 3664 eiusmodi
482 3628 534 3665 nee
551 3611 580 3662 in
597 3610 701 3680 angelis
721 3610 812 3661 lucum
826 3608 919 3661 babet
941 3621 1108 3681 quapropter
1125 3612 1221 3665 existi-

127 3699 199 3736 mare
217 3683 278 3734 noli
292 3682 432 3734 hominem
451 3682 483 3735 in
499 3682 628 3753 paradiso
645 3680 740 3733 sensili
760 3680 927 3741 nutrimento
946 3698 974 3732 se
993 3683 1114 3747 satiasse,
1132 3700 1222 3753 quan-

129 3752 277 3825 doquidem
309 3754 372 3806 istic
396 3768 430 3804 eo
447 3768 504 3806 non
527 3752 672 3822 indigebat
697 3758 843 3822 propterea
871 3750 947 3821 quod
965 3753 1053 3803 omnis
1072 3762 1130 3805 tum
1143 3754 1222 3806 adie-

128 3825 227 3877 ctionis
249 3832 323 3876 esset
340 3839 444 3894 expers.
464 3826 603 3877 enimvero
620 3824 759 3875 neminem
782 3820 834 3874 bac
855 3821 885 3873 in
902 3826 980 3891 parte
1001 3822 1138 3893 ambigere
1156 3842 1221 3877 cou-

127 3893 264 3949 veniebat
280 3912 344 3947 nam
362 3912 424 3948 eum
442 3895 611 3947 adfectiones
629 3894 695 3946 illae
713 3892 861 3956 naturales,
881 3894 965 3945 fames
984 3894 1094 3965 inquam
1114 3902 1142 3949 et
1159 3896 1220 3949 sitis

129 3976 156 4018 et
172 3965 299 4035 fatigatio
326 3974 356 4019 et
379 3982 489 4019 somnus
514 3975 543 4019 et
569 3965 649 4019 dolor
673 3972 702 4016 st
717 3979 826 4035 maeror
847 3972 875 4016 et
894 3972 1034 4027 caeterae,
1052 3974 1116 4034 post
1132 3974 1220 4017 εοεαε-

128 4038 293 4106 gressianem
312 4038 428 4107 primurn
448 4039 533 4091 vitam
551 4035 696 4089 humanam
716 4036 874 4099 invaserint,
892 4042 924 4087 ut
944 4035 1078 4105 superiori
1096 4035 1220 4087 orations

130 4110 286 4171 domimus,
308 4116 386 4177 patet
408 4108 521 4161 omnino
547 4115 612 4160 ante
642 4113 784 4177 peccatum
804 4104 942 4157 bominem
965 4122 1064 4157 causas
1083 4104 1153 4158 nihil
1170 4103 1221 4155 ba-

129 4178 237 4243 buisse,
255 4194 327 4250 quas
344 4178 434 4250 ipsum
449 4178 485 4233 sd
508 4177 669 4233 sumendum
688 4176 820 4232 sensilem
838 4174 974 4247 quendam
994 4174 1087 4230 cibum
1102 4182 1219 4247 cogeret·
