3000 4859
490 334 703 399 uuuuuuu
742 338 846 399 runs
871 339 914 399 ιι.
1152 312 1234 425 307

157 495 267 571 θέαμα
288 492 344 553 καί
364 484 466 553 δεινδν
485 483 637 563 άκουσμα.
668 485 826 549 δείκνυται
849 488 885 551 δὲ
905 490 961 550 καί
978 488 1033 551 νῦν
1055 486 1103 553 ἔτι
1122 490 1241 555 τούτων

158 591 235 658 dorsi
253 589 353 674 μηδὲν
372 592 438 661 τοῖς
457 579 518 647 sind
537 585 642 649 πίστιν
661 586 844 667 ἐρχομένοις
864 585 994 649 ἐοικότα

238 688 309 753 Ἐπί
330 688 389 766 μὲν
418 679 537 767 Βαράχ
557 680 612 747 καί
630 676 783 765 Δεβώρας
805 682 1005 767 Προμηθεάς
1036 687 1092 749 καί
1107 685 1243 773 Ὀρφεάς

162 784 252 875 Θρᾲξ
273 784 472 867 ἐγνωριζοντο
493 776 523 844 oi
540 784 616 864 παρ’
631 778 757 863 Ἕλλησι
775 774 966 865 σοφώτατοι,
987 781 1043 846 καί
1055 778 1275 867 Ἀσκληπιὸςι)

133 886 179 979 56
202 882 310 967 ἰατράς
337 884 393 948 καί
411 880 598 963 Λυκοῦργος
617 876 633 943 ὅ
652 880 832 963 νομοθέτης.
883 884 1031 947 τοσοῦτον
1056 884 1092 946 δὲ
1119 887 1244 965 λέγουσι

162 982 216 1051 τάν
235 978 422 1065 Ἀσκληπιὸν
441 980 649 1065 ἠκριβωκέναι
668 974 725 1063 τὴν
744 976 888 1062 ἰατρικὴν
904 982 1017 1063 τέχνην
1047 978 1091 1056 ὥς
1113 985 1168 1046 καί
1194 1005 1245 1045 νε-

162 1080 261 1171 κροδς
282 1081 430 1160 άνιστάν,
453 1080 504 1165 ἐφ’
524 1068 550 1167 ql
566 1078 790 1160 χαλεπήναντα
816 1075 872 1141 τάν
893 1080 956 1144 Δία
975 1082 1119 1168 κεραυνῷ
1135 1086 1246 1163 βαλεῖν

164 1178 282 1262 αάτάν,
303 1180 359 1243 καί
378 1174 460 1245 odam
480 1179 541 1241 τῶν
560 1177 636 1260 τῆδε
658 1178 817 1259 ἐκστῆσαι.
1210 1189 1214 1197 ’

246 1285 360 1359 Δεῖξαι
374 1280 408 1341 δὲ
429 1281 532 1342 θέλων
553 1272 569 1339 ὁ
590 1273 664 1351 θεάς
684 1270 734 1341 δτι
757 1279 798 1363 τῇ
817 1274 949 1357 δυνάμει
970 1277 1068 1341 αὐτοῦ
1090 1277 1129 1343 τά
1149 1278 1247 1347 πάντα

117 1378 304 1467 ςογίνονται
324 1378 379 1443 καί
398 1376 439 1441 ου’
460 1373 576 1459 πλήθει
595 1376 684 1454 λαοῦ,
706 1371 916 1456 συμβουλεύει
934 1378 978 1464 τῷ
994 1378 1025 1441 Γ
1022 1376 1135 1457 εδτιάν,
1157 1380 1247 1464 ἡνίκα

165 1477 244 1547 κατά
274 1478 488 1561 Μαδιηναίων
513 1470 614 1557 δρμοῖν
643 1466 754 1557 ἤθελε,
784 1478 859 1560 περί
885 1478 1044 1555 μεσοῦσαν
1073 1477 1194 1563 ἡμέραν
1213 1482 1249 1545 ἐν

165 1581 252 1665 ἀκμῇ
272 1580 329 1645 τοῦ
349 1574 511 1657 καύματος
532 1565 627 1654 ὄντος,
649 1566 736 1655 ἄγειν
756 1570 813 1655 τῆν
835 1575 988 1656 πρασιάν
1007 1578 1061 1640 ἐπί
1079 1577 1135 1642 τάν
1155 1602 1249 1645 ποτα-

166 1678 237 1761 μόν,
258 1679 313 1740 καί
332 1672 406 1749 τούς
425 1676 484 1755 μὲν
497 1673 741 1748 κατακλιθέντας
755 1674 811 1735 καί
824 1670 906 1735 οάτω
918 1676 1066 1751 πίνοντας
1085 1675 1345 1772 εάψάχουςα,,,,

167 1770 419 1857 ὑπολαμβάνειν,
445 1768 514 1839 ὅσοι
535 1774 563 1835 δ
583 1765 623 1837 dv
646 1772 909 1851 ἐσπουδασμένως
930 1776 985 1837 καί
1005 1773 1086 1854 μετά
1108 1774 1248 1861 θορύβου
1257 1800 1283 1852 p,
1297 1798 1347 1866 1⁶4

122 1873 308 1956 ι5πίνοντες
325 1874 463 1955 τύχοιεν,
485 1868 618 1947 τούτους
644 1867 684 1954 δή
706 1873 843 1950 νομίζειν
861 1867 925 1933 sind
947 1873 1066 1951 δειλίας
1085 1878 1174 1939 τοῦτο
1189 1874 1250 1939 πά·

168 1996 271 2057 σχειν.
324 1974 380 2044 τοῦ
411 1973 519 2053 μέντοι
545 1965 670 2033 Γεδεών
698 1966 779 2033 κατά
812 1968 871 2041 τάς
899 1968 1063 2053 ὑποθήκας
1084 1976 1147 2051 {rosi
1171 1977 1252 2038 θεοῦ

168 2069 356 2157 ποιήσαντος
378 2064 552 2155 τριακόσιοι
564 2060 673 2151 ἄνδρες
693 2063 871 2150 εὑρέθησαν
884 2075 955 2143 ταῖς
971 2074 1065 2152 χερσί
1082 2068 1163 2150 μετά
1178 2076 1254 2154 τρό-

168 2195 233 2255 μου
262 2165 541 2251 προσενεγκάμενοι
570 2164 605 2233 τά
641 2164 748 2247 ὕδωρ,
772 2165 815 2240 τάς
842 2163 988 2249 Ἰώσηπος
1011 2165 1134 2251 ἱστορεῖ.
1176 2166 1254 2235 ὅθεν

171 2272 226 2339 καὶ
261 2266 313 2336 διά
346 2272 411 2333 τάν,
436 2264 584 2333 τοιοάτων
622 2263 683 2353 ἔφη
712 2263 729 2330 o‘
759 2264 836 2342 θεὸς
864 2275 930 2342 τοῖς
962 2271 1121 2348 πολεμίοις
1153 2271 1254 2352 ἂμβα-

122 2378 246 2459 ῃολεῖν.
301 2356 412 2443 νυκτὸς
441 2359 496 2435 oda
514 2369 621 2443 αάτοῖς
647 2364 889 2448 ἐπεμβαίνουσι,
920 2362 1092 2449 σάλπιγγας
1108 2377 1178 2433 ταῖν
1196 2393 1254 2452 χε-

170 2476 239 2557 ροῖν
262 2468 408 2555 φέροντες
425 2467 482 2545 καί
503 2463 671 2549 λαμπάδας
688 2462 864 2547 ἁπτομένας
884 2463 968 2543 ἐντὸς
994 2466 1126 2551 ἀγγείων
1150 2472 1253 2537 τινῶν.

245 2669 284 2707 ro.
303 2650 506 2725 συμβασιλιδει
522 2651 549 2703 P.

173 2812 357 2885 spsctoculnm
388 2819 465 2865 erant
489 2819 516 2865 et
540 2810 639 2863 lamam
663 2810 696 2863 ds
727 2825 756 2862 as
781 2809 933 2865 terribilem
954 2811 1135 2866 concitabant.
1160 2830 1253 2869 eorum

171 2902 245 2939 nunc
262 2898 372 2953 quoque
389 2889 571 2933 monstrantur
588 2880 675 2933 adbuc
693 2898 752 2932 ossa
770 2880 851 2933 fidem
873 2883 955 2953 plane
973 2886 1136 2953 superantia.

243 2954 344 3005 Eorum
374 2960 475 3015 aetate,
499 2952 627 3003 videlicet
652 2950 761 3002 baruchi
784 2961 866 3023 atque
895 2952 1035 3018 Deborae,
1062 2956 1253 3025 sapientissimi

170 3025 243 3095 apud
262 3025 379 3075 Graecos
406 3025 455 3075 viri
472 3022 646 3074 Prometheus
671 3030 699 3073 et
717 3021 841 3091 Orpheus
859 3022 989 3075 oriundus
1013 3025 1156 3077 eTbracia
1178 3026 1252 3077 cele.

169 3096 232 3148 bros
252 3095 370 3157 luerunt,
390 3094 510 3163 itemque
528 3094 646 3145 medicus
668 3092 856 3161 Aesculapius,
875 3101 903 3144 et
920 3094 1052 3215 Lycuffius
1070 3096 1161 3165 legum
1178 3096 1253 3166 apud

170 3166 397 3219 Lacedaemonios
424 3165 501 3215 lator.
548 3163 736 3231 Aesculapium
756 3164 833 3215 aiunt
852 3172 934 3215 artem
953 3181 995 3215 me
1018 3166 1084 3217 'cam
1101 3176 1156 3218 tarn
1172 3184 1252 3219 acco.

169 3245 229 3288 rate
260 3236 392 3305 cognitum
419 3234 562 3299 habuisse,
581 3244 611 3286 ut
629 3234 710 3285 etiam
727 3241 861 3285 mortuum
881 3234 1017 3303 quendam
1034 3238 1106 3289 vitae
1124 3240 1252 3291 restitue-

170 3308 222 3373 rit;
244 3324 298 3376 quo
318 3306 390 3357 sacto
407 3306 529 3377 luppiter
548 3306 631 3359 iratus
653 3303 791 3355 bominem
807 3304 922 3357 fulmine
938 3314 1039 3357 tactum
1056 3307 1137 3360 rebus
1155 3308 1252 3362 buma-

167 3379 210 3430 nis
224 3378 364 3429 exemerit.

239 3447 392 3498 Secundum
411 3444 477 3495 baec
489 3443 608 3495 indicare
622 3442 687 3499 deus
704 3446 799 3498 volens
817 3444 906 3499 omnia
918 3462 967 3514 per
986 3447 1071 3515 ipsius
1089 3454 1252 3515 potestatem

168 3518 245 3583 fieri,
265 3534 320 3569 non
339 3534 388 3586 per
408 3515 546 3565 hominum
563 3517 684 3583 ingentes
705 3519 812 3585 copias,
837 3516 961 3568 Gedeoni
979 3516 1153 3569 Madianaeos
1174 3520 1251 3571 iure.

169 3588 234 3641 ders
262 3588 372 3639 conanti
399 3594 492 3637 auctor
519 3586 571 3635 fuit
595 3594 625 3639 ut
650 3588 708 3655 ipsa
727 3588 755 3641 in
772 3586 901 3650 meridie,
929 3604 988 3639 curu
1010 3597 1100 3640 aestus
1119 3590 1251 3643 maximus

169 3660 258 3722 foret,
280 3658 432 3709 'exercitum
462 3654 496 3707 ad
520 3656 619 3707 flumen
643 3657 762 3721 duceret.
782 3657 822 3708 ibi
848 3674 911 3709 vero
940 3659 1096 3728 quicunque
1113 3661 1145 3712 in
1164 3678 1252 3728 genua

167 3730 380 3805 procumberent
407 3736 488 3795 atque
512 3727 549 3777 ita
577 3726 719 3791 biberent,
741 3744 787 3779 eos
806 3737 837 3781 ut
855 3745 904 3796 pro
921 3730 1096 3796 magnanimis
1118 3728 1249 3795 liaberet,

168 3807 272 3852 monet:
290 3806 425 3869 quotquot
442 3806 530 3848 nutem
547 3796 707 3849 sestiuunter
726 3808 825 3850 etcum
840 3799 957 3849 tumultu
979 3800 1096 3869 quodam
1113 3800 1250 3865 biberent,

169 3887 215 3923 eos
246 3871 411 3921 existimaret
434 3868 486 3918 hoc
504 3884 566 3937 prae
593 3868 737 3919 formidine
762 3869 857 3919 facere.
875 3887 936 3921 curn
962 3869 1056 3922 Gedeo
1074 3872 1120 3923 dei
1137 3873 1251 3923 monitis

167 3958 265 4010 parens
286 3939 338 3991 hoo
356 3940 443 4007 ipsum
462 3939 584 3999 lecisset,
602 3940 651 3989 3uo
671 3940 792 3991 lrornines
813 3941 911 4007 reperti
939 3950 1002 3992 arsut
1020 3942 1068 4010 qui
1088 3960 1147 3991 cum
1164 3942 1251 4008 trepi-

169 4010 281 4063 datione
298 4008 421 4061 manibus
440 4026 535 4079 aquam
555 4008 677 4063 haustum
695 4012 735 4061 ori
755 4008 942 4072 admouerent,
960 4011 1187 4080 quosuudmodum
1204 4013 1251 4061 Io-

169 4082 268 4151 sophus
284 4081 430 4131 memoriae
448 4078 577 4149 prodidit.
594 4089 760 4149 quapropter
785 4082 812 4131 ei
828 4082 966 4150 proecepit
983 4082 1050 4133 deos
1068 4093 1099 4133 ut
1115 4100 1175 4133 rum
1193 4083 1250 4133 illis

170 4151 275 4204 hortem
296 4150 453 4202 adoriretur.
473 4158 553 4204 noctu
576 4168 637 4219 ergo
662 4150 833 4204 Medianaeos
852 4150 998 4215 invadunt,
1017 4170 1076 4201 curn
1096 4153 1174 4205 tubus
1191 4170 1249 4209 mt-

170 4222 249 4277 nibus
268 4225 390 4293 itemque
410 4221 480 4273 loces
498 4238 621 4275 accensas
643 4222 712 4277 iutra
729 4240 790 4280 vasu
810 4222 941 4293 quaedam
958 4230 1100 4290 gestarent
