3000 4859
465 334 678 403 minuti
706 334 811 401 rhus
839 340 867 403 t.
1156 312 1211 399 οδ

115 516 195 590 ταῖς,
210 503 292 571 ovidi
301 504 399 570 τοῦτο
413 504 592 584 ξενίζεσθαι
604 501 678 591 χρη.
692 506 840 583 πολλάκις
850 503 912 589 γάρ
923 511 979 573 καί
991 511 1090 575 toriae
1099 514 1213 577 παθῶν

113 602 248 691 ίατῆρια
269 606 428 689 γίνονται·
453 603 668 687 κεραννύμενα
681 602 743 687 γάρ
764 601 887 690 ἑτέραις
906 603 1056 687 βοτάναις
1069 608 1213 688 ἀλεξίκα-

114 733 151 771 aa
172 708 302 790 γίνεται
323 704 380 768 καί
400 704 509 787 δγείας
531 704 715 786 παρεκτικά.
739 699 826 769 οὕτω
852 710 912 788 μὲν
926 700 983 771 miv
1004 709 1059 774 καί
1080 707 1214 793 όμὲγυις

114 798 289 881 Βασιλὲιός
310 826 408 889 φησιν
432 798 482 867 δτι
502 804 563 868 τῶν
582 806 777 889 δηλητηρίων
800 805 1008 890 ου’δδνάργάς
1020 809 1095 873 οὐδὲ
1110 808 1214 893 ἀχρή.

93 908 196 977 5στως
208 905 419 988 γεγενημένον
439 901 534 983 ἐστίν,
553 904 584 967 st
594 901 728 980 καίτοός
743 902 938 987 ἀχαρίστους
958 903 1043 989 ἡμᾶς
1062 906 1140 973 κατά
1154 912 1215 973 τοῦ

115 1003 326 1087 πεποιηκότος
353 998 588 1086 παρασκευάζει
619 1010 757 1090 φρονεῖν.
812 1002 851 1070 τά
883 1008 943 1085 μὲν
967 1004 1030 1089 γάρ
1064 1002 1214 1091 αάτῶνῆ

114 1101 243 1190 τρυφὴν
273 1100 410 1185 παρέχει
435 1104 499 1167 τινί
528 1104 592 1167 τάν
621 1099 760 1185 ἀλόγων,
781 1096 802 1189 ἢ
820 1105 877 1169 καί
894 1103 972 1189 ἡμῖν
994 1100 1105 1184 adroic
1125 1110 1211 1191 παρά

113 1206 168 1285 τῆς
188 1202 335 1287 ἰατρικῆς
355 1201 465 1285 τέχνης
481 1202 526 1276 είς
547 1202 757 1286 παραμυθίαν
776 1204 868 1267 τινάν
889 1204 1146 1291 ἀρρωστημάτων
1164 1208 1213 1284 ε’ξ-

114 1302 260 1385 ιόρηται.
310 1296 345 1363 τό
365 1300 427 1381 μὲν
454 1298 516 1385 γάρ
537 1291 665 1365 κάνειον
693 1299 723 1367 οἷ
748 1305 853 1387 ψάρες
871 1296 1057 1387 βόσκονται,
1078 1304 1132 1369 διά
1155 1304 1213 1391 την

79 1398 314 1483 ιοκατασκευῆν
333 1400 394 1463 τοῦ
417 1395 562 1483 σώματος
581 1396 640 1485 τήν
660 1402 695 1465 ἐκ
708 1402 766 1465 τοῦ
789 1402 978 1488 δηλητηρίου
997 1400 1120 1489 βλάβην
1132 1398 1240 1475 ἀπο-Β

115 1500 359 1583 διδράσκοντες·
409 1498 544 1574 λεπτοδς
572 1497 632 1587 γάρ
656 1496 783 1583 ἔχοντες
812 1499 887 1577 τοδς
907 1506 983 1587 περί
1000 1500 1056 1589 την
1078 1505 1213 1589 καρδίαν

113 1598 254 1681 πόρους,
278 1594 461 1685 φθάνουσιν
494 1598 630 1681 ἐκπέψαι
648 1596 682 1665 τό
705 1604 889 1667 καταποθὲν
906 1606 983 1687 πρίν
998 1602 1056 1687 την
1077 1605 1133 1666 ἀπ’
1151 1602 1213 1668 αδ·

115 1698 170 1762 τοῦ
189 1700 292 1779 ψῦξιν
316 1699 381 1761 των
399 1695 533 1781 καιρίων
552 1697 781 1779 καθάψασθαι.
825 1702 991 1787 ἐλλέβορος
1013 1704 1049 1767 δὲ
1070 1701 1212 1787 ὄρτόγων

118 1798 183 1861 ἐστὶ
213 1794 341 1882 τρυφή,
372 1795 508 1881 ἰδιότητι
537 1794 678 1883 κράσεως
710 1795 770 1881 την
798 1797 924 1884 βλάβην
952 1799 1211 1889 ἀποφευγόντων.

79 1891 181 1962 thiera
206 1897 243 1960 δὲ
276 1898 336 1959 καί
367 1891 449 1960 astri
467 1898 571 1962 ταῦτα
598 1899 633 1963 ἐν
653 1897 753 1989 καιρῷ
773 1899 850 1963 ποτὲ
870 1902 926 1964 καί
945 1898 1021 1984 ἡμῖν
1041 1898 1209 1985 χρήσιμα·

119 1993 168 2059 διά
185 1999 251 2077 1μὲν
267 1994 332 2079 γάρ
363 1998 423 2060 τοῦ
441 1996 666 2081 μανδραγόρου
690 1992 790 2063 ὕπνον
809 1996 839 2063 oi
863 2000 968 2084 ἰατροί
985 1999 1211 2066 καταπάσσου-

116 2118 182 2177 σιν,
204 2096 287 2184 ἀπίηι
309 2096 346 2159 δὲ
365 2092 423 2172 τάς
444 2092 590 2183 σφοδράς
620 2096 737 2174 σ’δόνας
760 2101 1050 2178 κατακοιμίζουσα.
1092 2093 1154 2183 ἤδη
1173 2097 1210 2165 sisi

117 2217 193 2271 τινες
212 2197 258 2285 τῷ
277 2196 397 2282 κωνείῳ
419 2197 475 2261 καί
495 2194 531 2259 τό
554 2198 716 2272 λυσσάδες
733 2200 797 2261 τῶν
817 2194 953 2281 δρέξεων
976 2194 1208 2283 κατεμάραναν,

115 2292 168 2358 καί
185 2296 232 2383 τῷ
261 2290 415 2383 ἐλλεβόρῳ
442 2292 543 2359 πολλοὶ
566 2296 629 2360 τῶν
658 2298 798 2379 χρονίαν
817 2298 934 2361 παθοῖν
953 2292 1208 2378 ἑξεμόχλευσαν,

75 2386 197 2458 rosiers
219 2390 240 2457 δ
260 2391 403 2477 ἐνόμιζες
425 2390 511 2477 ἔχειν
530 2392 611 2459 κατά
635 2399 693 2458 τοῦ
707 2400 867 2474 κτισαντος
888 2393 1038 2482 ἔγκλημα,
1059 2398 1150 2463 τοῦτο
1163 2397 1239 2482 είςο

114 2490 297 2579 προσθήκην
316 2488 523 2579 εδχαριστίας
540 2494 778 2582 περιελήλυθεν.

188 2704 214 2757 7.
233 2682 325 2762 ἢιαλ]
347 2688 376 2741 ei
393 2690 442 2741 καλ
458 2687 488 2740 P.

115 2874 227 2947 quidem
253 2891 353 2929 norum
387 2874 568 2941 existimabis,
587 2890 648 2928 esse
669 2874 780 2929 illarum
796 2876 827 2929 in
844 2890 959 2929 numero
979 2872 1111 2946 quasdam
1122 2889 1208 2928 rene-

114 2956 198 3001 natas.
218 2946 319 2999 etenim
338 2946 388 2997 illa
410 2962 520 3017 quoque
537 2962 732 3069 saepenumero
752 2947 831 2999 certis
849 2946 951 2998 morbis
970 2946 1126 2998 medentur:
1144 2962 1209 2999 nam

113 3018 172 3069 eliis
190 3035 254 3069 eum
271 3017 364 3069 herbis
381 3018 475 3069 mistae
485 3017 577 3069 valette
598 3019 670 3069 inem
690 3026 809 3069 nostram
829 3026 948 3069 tuentur.
967 3018 995 3069 in
1008 3016 1077 3069 hanc
1095 3026 1208 3069 senteu-

113 3090 179 3141 tiam
199 3088 316 3140 Basilius
333 3089 429 3141 scribit
452 3089 556 3140 nullam
586 3088 700 3141 herbam
723 3098 884 3140 venenatam
904 3090 963 3140 sine
981 3090 1071 3140 fructu
1089 3087 1208 3159 quodam

114 3176 172 3213 esse
189 3160 307 3224 iactam,
331 3167 395 3212 utut
409 3176 460 3211 nos
491 3160 587 3229 ingrati
607 3176 652 3212 eas
679 3161 818 3211 intuentes
836 3160 921 3229 impie
946 3158 981 3210 de
1000 3174 1089 3210 rerum
1108 3158 1209 3229 opifice

115 3230 270 3283 tendamus,
288 3232 387 3300 partim
404 3248 522 3301 namque
541 3231 629 3283 brutis
651 3229 791 3300 aliquibus
808 3231 968 3282 alimentum
984 3229 1126 3299 praebent,
1144 3224 1224 3299 par·-¹

113 3302 162 3353 iim
178 3300 262 3355 nobis
280 3302 347 3372 ipsis
364 3318 414 3371 per
433 3310 517 3354 artem
531 3302 662 3353 medicam
683 3300 718 3353 ad
738 3310 872 3353 certorum
891 3300 1047 3353 morborum
1067 3300 1209 3369 depulsio-

114 3389 175 3423 nem
206 3382 293 3442 atque
323 3370 471 3424 remedium
505 3375 632 3426 serviunt.
657 3374 758 3425 etenim
792 3373 880 3425 cicuta
905 3380 1019 3442 propter
1041 3372 1210 3443 peculiarem

134 3442 250 3496 uaedam
267 3444 310 3495 sni
326 3444 446 3515 corporis
464 3444 687 3496 constitutionem
707 3444 795 3496 sturni
814 3452 969 3507 vescuntur,
987 3460 1038 3495 nec
1057 3442 1208 3513 quidquam

112 3530 128 3565 a
165 3516 225 3567 eins
246 3513 349 3567 herbae
367 3531 472 3569 veneno
495 3515 654 3569 laeduntur:
673 3516 777 3586 quippe
798 3533 882 3586 quum
902 3522 1010 3566 meatus
1028 3514 1104 3566 cordi
1123 3513 1209 3565 ricini

111 3602 246 3657 perquam
265 3587 296 3638 in
314 3587 354 3637 eis
371 3586 423 3637 arti
441 3588 508 3652 sint,
536 3587 615 3639 citius
633 3585 758 3639 haustam
778 3602 836 3638 eam
858 3602 941 3638 conco
965 3594 1034 3638 uunt
1051 3602 1131 3655 quam
1150 3586 1209 3636 eius

112 3656 248 3726 frigiditas
271 3658 430 3727 caeteroqui
458 3658 547 3710 letalis
574 3674 673 3710 nocere
693 3658 787 3729 possit.
815 3658 911 3710 itidem
929 3602 1068 3709 elleborus
1086 3654 1209 3707 coturni·

111 3744 171 3779 tum
190 3726 269 3779 cibus
288 3736 345 3791 est,
371 3726 442 3779 nihil
462 3744 495 3780 ex
522 3745 555 3780 eo
572 3727 729 3781 detrimenti
756 3729 922 3798 capientium
938 3736 1051 3798 propter
1067 3726 1208 3797 peculiare

110 3798 179 3869 ipsis
211 3806 465 3870 temperamentum.
495 3798 634 3851 interdum
667 3802 796 3851 usuvenit
820 3808 851 3852 ut
875 3798 985 3851 eaedem
1008 3797 1108 3849 herbae
1128 3794 1208 3847 nobis

109 3886 223 3941 quoqne
241 3870 297 3923 sint
307 3870 387 3922 usui:
408 3887 469 3921 nam
485 3886 536 3941 per
555 3870 761 3941 mandragoram
782 3888 905 3923 somnum
923 3868 1023 3921 medici
1043 3867 1208 3931 conciliant,

109 3956 159 4009 per
178 3959 287 3994 succum
306 3958 321 3992 e
339 3942 480 4011 papaveris
504 3959 585 4013 scapo
606 3942 695 3994 inciso
719 3959 876 4013 expressum
902 3940 1012 3994 dolores
1032 3955 1107 3990 acres
1125 3938 1208 3990 vehe-

109 4019 274 4085 menterque
302 4014 422 4097 sopiunt
450 4012 538 4065 cicuta
563 4014 711 4067 nonnullos
728 4014 838 4066 imanes
857 4015 941 4066 etiam
958 4010 1142 4082 appetitiones
1161 4026 1209 4059 ea-

108 4082 224 4137 tinxirse
250 4100 418 4155 accepimus,
450 4092 478 4135 et
505 4084 630 4137 elleboro
653 4084 754 4137 multos
780 4085 927 4151 diuturnos
949 4081 1061 4137 morbos
1077 4078 1208 4147 abegisse.

110 4168 165 4222 quo
182 4155 215 4207 lit
232 4163 265 4208 ut
281 4153 359 4226 quod
385 4154 641 4225 reprehendendum
658 4156 688 4209 in
708 4166 830 4210 creatore
846 4154 983 4227 parabas,
1009 4152 1095 4221 magis
1115 4160 1143 4203 tv
1162 4166 1212 4201 ⁶⁰-

109 4220 236 4279 bouem
252 4240 310 4299 quo
327 4241 389 4298 erga
408 4226 497 4298 ipsum
515 4235 606 4298 gratus
623 4226 668 4280 sis.
