3000 4859
198 286 272 349 Vlll
557 284 698 349 masat
728 281 964 351 cantuario,

194 446 369 521 grassatur,
388 436 437 499 Tu
457 438 624 501 constituta
645 459 722 521 pauc
743 448 775 501 et
793 438 969 522 languentes
991 458 1028 499 ac
1047 458 1149 522 prope
1169 436 1279 501 semia.

194 539 289 600 nimes
311 538 428 602 litteras
449 538 605 616 excitasti,
627 546 659 600 et
685 538 828 621 neglectis
848 558 884 599 ac
903 536 999 602 veluti
1017 539 1156 623 profugis
1177 539 1280 601 virtu-

194 638 276 699 tibus
295 640 456 721 Europam
478 659 601 703 omnem
621 639 707 723 quasi
731 636 881 721 templum
901 634 1028 722 aliquod
1048 639 1213 721 aperuisti,
1247 639 1281 699 ia

196 754 261 821 quo
282 738 387 821 quiete
408 736 551 821 deinceps
572 760 608 801 uc
630 736 750 821 placide
770 738 958 801 colerentur.
980 747 1013 800 et
1030 736 1159 801 babebit
1178 746 1283 800 tamen

197 836 230 897 in
251 836 302 898 illa
323 838 548 921 tranquillitate
569 836 670 899 hostes
691 858 761 899 suos
777 838 898 921 religio,
918 837 1017 899 minus
1034 837 1159 922 quidem
1172 838 1280 899 furen-

137 945 143 958 ‘
197 944 242 1004 tes
262 936 424 1015 audacter,
456 937 510 999 scd
530 958 594 1003 non
615 938 719 999 mium
746 936 865 1002 ideirco
886 937 1083 1004 metuendos:
1105 936 1233 1001 babebit
1251 947 1283 1000 et

196 1046 266 1097 sams
287 1036 416 1100 societas
437 1047 559 1139 nostra)
582 1037 634 1105 cui
652 1058 717 1099 non
738 1037 922 1117 indecomm
939 1046 987 1101 est
1004 1036 1148 1117 eosdem,
1170 1059 1189 1098 a
1208 1038 1282 1121 qui.
1399 1099 1403 1108 ,

195 1123 398 1201 bus'ecelesia
424 1146 574 1214 vexatur,
609 1137 819 1217 adversarios,
852 1136 1006 1218 eundem,
1040 1157 1141 1222 aquo
1163 1134 1284 1199 defensa

171 1271 174 1279 =
197 1242 243 1302 αἱ
262 1236 392 1320 religio,
412 1236 567 1301 vindicem
586 1238 633 1301 Te
654 1260 690 1301 uc
710 1246 881 1321 patronum
899 1237 1044 1323 experiri.
1063 1257 1171 1321 perge,
1189 1233 1284 1297 Prin.

197 1356 268 1419 ceps
284 1337 537 1419 Eminentissime,
558 1334 597 1401 de
610 1329 749 1421 ¹utraque
767 1334 848 1401 bene
860 1337 990 1399 mereri:
1011 1337 1054 1399 sic
1075 1336 1132 1399 tibi
1152 1334 1285 1397 vicissim

199 1444 349 1521 utraque,
372 1437 458 1520 quod
478 1460 631 1499 summum
650 1436 766 1513 babet,
796 1436 970 1521 gratissimo
989 1438 1093 1501 animo
1116 1432 1285 1521 rependat,

201 1536 299 1602 altera
325 1534 506 1619 dignitatem
536 1538 621 1601 orbis
647 1546 805 1601 terrarum
829 1558 1024 1621 supremam,
1044 1537 1144 1599 altera
1164 1536 1297 1619 plenem.

201 1636 357 1720 religionis
389 1637 564 1723 amorisque
595 1638 813 1708 reverentiam.
852 1637 997 1717 bisunt,
1026 1637 1176 1721 Princeps
1195 1633 1285 1699 Emi-

202 1736 393 1817 senentes,
426 1738 580 1801 societatis
608 1746 733 1801 nostrae
753 1760 874 1817 sensus,
896 1758 974 1823 quos
992 1737 1137 1823 profiteri
1157 1756 1217 1819 per
1236 1756 1287 1798 me

201 1834 312 1903 voluit.
336 1836 419 1902 inter
432 1836 509 1901 baec
523 1838 586 1901 cius
604 1848 677 1901 vota
691 1848 723 1903 et
740 1846 899 1901 terrarum
915 1837 1053 1902 emnium
1067 1834 1287 1920 gratulationes

157 1974 161 1983 ·
202 1920 310 2025 patere
329 1934 393 2000 boe
414 1938 471 1999 tibi
505 1940 758 2023 quamamtenue
778 1938 962 2018 donarium,
995 1936 1070 1999 dum
1091 1935 1212 1997 maiora
1231 1954 1288 1997 ea-

204 2035 365 2118 solvamus,
388 2038 533 2123 appendi.
554 2038 722 2102 laudabunt
738 2039 808 2117 alii,
823 2039 907 2117 scio,
928 2038 960 2099 in
978 2033 1213 2121 quadripertitis
1225 2054 1286 2095 no-

204 2138 260 2199 stri
280 2137 400 2220 dinam,
421 2162 460 2201 an
481 2140 584 2223 potius
602 2140 678 2220 Tui,
697 2138 834 2201 eSicilia
861 2136 987 2199 oriundi
1007 2134 1163 2199 Michaelis
1172 2135 1287 2219 Glycae

204 2238 377 2317 annalibus,
403 2238 552 2305 historiae
570 2260 675 2305 sacrae
701 2260 738 2301 ac
770 2238 921 2323 profanae
942 2236 1082 2313 ,mirabili
1105 2235 1288 2299 dexteritate

202 2328 347 2401 insertam
366 2340 576 2423 theologiam,
600 2338 776 2404 divinarum
803 2339 980 2401 litterarum
999 2335 1289 2419 interpretationem

203 2449 235 2503 et
256 2440 407 2503 assiduum
428 2450 607 2503 sanctorum
629 2447 754 2523 patrum
775 2461 864 2501 usum
882 2462 954 2501 cum
974 2436 1144 2501 medicinae
1162 2435 1290 2499 scientia

176 2565 180 2571 ’
204 2564 241 2607 ac
264 2564 371 2603 rerum
390 2540 578 2603 naturalium
599 2540 779 2621 cognitione
800 2540 1012 2617 coniunctum,
1031 2537 1211 2621 principum
1221 2538 1289 2599 ao-

203 2662 272 2705 mae
293 2648 327 2702 et
345 2637 614 2723 Constantinopoli
634 2638 855 2720 imperantium
884 2638 1005 2721 sibique
1024 2636 1158 2699 invicem
1178 2634 1291 2697 ordine

203 2738 433 2805 succedentium
453 2762 472 2801 a
494 2738 571 2801 lulio
590 2738 718 2801 Caesare
744 2735 785 2798 ad
810 2735 907 2799 Aleaii
927 2736 1078 2797 Comueni
1101 2735 1222 2797 obitum
1241 2754 1290 2796 res

204 2842 365 2929 praeclare
387 2848 483 2923 gestas
505 2838 660 2923 ingeniose
680 2858 839 2916 connexas,
858 2844 1029 2899 certantem
1049 2857 1122 2897 casm
1138 2835 1290 2919 eloquen-

206 2944 250 3004 tia
270 2942 383 3027 ingenii
403 2940 601 3017 felicitatem,
634 2959 707 3001 cum
734 2958 842 3003 rerum
863 2937 1014 3001 varietate
1031 2934 1204 2999 incredibili
1225 2955 1290 2995 noa

206 3042 423 3106 inconcinnam
452 3040 653 3119 brevitatem,
684 3036 883 3121 digressiones
909 3036 1044 3121 deniqne
1068 3033 1291 3098 adlevandum

206 3142 331 3207 lectoris
355 3142 491 3207 taedium
512 3141 573 3203 suis
603 3148 675 3224 apte
692 3140 768 3202 lucis
798 3138 970 3202 collocatas.
1014 3157 1073 3221 ego
1091 3156 1168 3197 vem
1189 3155 1291 3218 aeque

207 3245 240 3307 in
261 3242 324 3305 boe
343 3264 446 3327 neque
474 3241 507 3303 iu
534 3241 617 3322 aliis,
649 3262 729 3325 quae
760 3239 833 3301 Tibi
864 3262 883 3303 a
910 3237 999 3301 nobis
1020 3235 1128 3299 offerri
1145 3242 1290 3319 possent,

207 3344 404 3421 muneribus,
437 3340 605 3427 quicquam
636 3362 783 3425 magnum
812 3340 921 3423 Teque
948 3337 1094 3421 dignum,
1130 3335 1292 3397 aestimare

206 3444 318 3525 statui,
338 3442 396 3503 nisi
414 3444 465 3505 cni
486 3444 536 3503 Tu
556 3440 701 3503 laudator
721 3450 755 3505 et
781 3439 977 3523 approbator
995 3436 1164 3499 accesseris.
1205 3434 1291 3514 vale,

208 3551 241 3607 et
274 3543 306 3605 in
326 3542 438 3605 multos
460 3562 556 3605 annos
575 3542 646 3604 felix
666 3542 748 3605 vive.
790 3541 912 3605 Dabam
929 3538 1071 3603 Lutetiae
1097 3536 1292 3601 Parisiorum

207 3644 269 3707 tat.
292 3642 438 3707 Decemb.
459 3642 531 3703 anni
553 3640 642 3708 1659.

329 3759 522 3825 Eminentius
535 3760 621 3825 Tuae

600 3924 819 3989 addictissimus
839 3922 1001 3985 Pararrrus
1023 3922 1122 3981 Lassa

684 4024 766 4087 ‘soe
788 4027 854 4087 lesu
877 4021 1048 4105 presbyter.

620 4194 889 4213 W
