3000 4859
304 298 389 384 336
635 322 853 393 dicessus
881 322 1073 405 osseus,

303 480 415 545 λοιποῦ
434 481 494 543 σύν
514 480 624 555 adroic
643 478 787 545 α’παντιῖν
802 480 848 555 εἷς
862 474 1009 560 πόλεμον.
1024 476 1315 561 ’στρατοπεδεύουσι
1334 475 1386 543 καὶ

304 572 401 653 αύθις
419 577 500 641 κατὰ
520 582 583 643 τοῖν
600 574 753 665 Ὲθραίων
770 574 801 642 οἱ
820 581 1049 658 Παλαιστινυί,
1075 578 1109 641 ἐν
1130 572 1178 652 οἷς
1197 570 1238 660 ἦν
1257 576 1335 661 ἀνὴρ
1354 576 1387 643 ri

303 679 363 758 μὲν
385 673 469 758 ύψος
503 678 536 757 ἓξ
557 675 704 761 πήχεων,
726 676 900 751 δακτύλους
921 680 957 741 δὲ
978 678 1012 742 ἐν
1034 673 1168 765 ὲκατὲρρ
1186 680 1250 742 τῶν
1266 676 1388 759 βάσεων

303 777 359 843 καί
377 780 438 844 τοῖν
456 782 574 860 χειροῖν
595 781 836 859 περισσοτέρους
860 772 926 858 εἶχε
946 779 1009 841 τῶν
1026 774 1107 841 κατὰ
1130 771 1252 861 φύσιν·
1311 772 1389 839 dud-

302 899 390 960 γονος
410 876 470 959 γάρ
491 879 553 941 τῶν
567 874 730 960 Γιγάντων
748 869 797 957 η’ν.
837 880 950 940 τοῦτον
970 876 1148 939 ἀποκτείνει
1166 872 1413 958 μονομαχήσαςὸ

206 986 234 1041 P.
248 986 294 1038 ιδο
303 974 460 1042 Ἰωνάθου
480 999 528 1050 τις
549 978 713 1057 Santiniae,
736 963 889 1039 ὅθενναί
907 974 995 1056 νίκης
1018 971 1116 1051 αἴτιος
1133 976 1262 1054 γίνεται.
1306 972 1388 1039 ἔκτο-

300 1099 333 1143 τε
356 1069 413 1140 σύν
440 1070 595 1139 παύονται
632 1071 663 1138 ui
684 1076 901 1139 Παλαιστινοί
930 1078 989 1139 τοῦ
1012 1069 1092 1158 πρός
1108 1072 1272 1157 Ἑθραιόυς
1291 1074 1388 1156 μάχε-

300 1180 391 1241 σθαι.
433 1175 482 1260 ἐφ’
506 1164 533 1263 ᾦ
552 1172 660 1255 λαβών
684 1166 795 1238 ἄδειαν
819 1169 839 1234 o‘
858 1176 965 1257 Δαβίδ
984 1170 1096 1254 ύμνεῖν
1108 1166 1222 1258 ἤρξατο
1237 1171 1294 1237 τύν
1314 1169 1387 1237 θεὸν

299 1274 353 1340 κατ’
373 1272 431 1349 τύς
450 1272 536 1363 ridde
556 1272 690 1339 ἔπλεκεν.

382 1375 499 1439 Ἰστέον
529 1374 564 1437 δὲ
584 1366 632 1436 ὅτι
654 1371 850 1457 στρατιώτας
882 1367 1030 1454 α’μύχους
1045 1376 1105 1452 μὲν
1122 1374 1180 1455 τήν
1200 1369 1297 1456 ἰσχύν
1317 1381 1428 1451 πολ-19

298 1472 374 1550 λούς
395 1473 413 1537 o‘
425 1474 530 1555 Δαβίδ
552 1473 720 1556 ἐκτήσατο,
740 1474 905 1557 ἐξαιρέτως
926 1474 962 1536 δὲ
982 1476 1085 1536 πέντε.
1130 1472 1146 1535 d
1167 1471 1308 1556 μὲνγὰρ
1331 1475 1386 1536 αύ-

298 1576 361 1637 sev
380 1572 411 1654 χῖ
441 1574 564 1636 α’νεῖλεν
593 1573 628 1635 ἐν
646 1574 704 1658 μιᾷ
732 1572 853 1660 ἡμέρᾳ,
876 1568 893 1635 ci
915 1573 950 1635 δὲ
971 1574 1038 1635 κατ’
1061 1574 1190 1655 ἐχθροῖν
1210 1568 1386 1656 ἐκπηδήσας

300 1666 357 1735 cdx
378 1667 419 1737 ύν
448 1666 582 1737 ἐπαύετο
612 1673 642 1736 εἰ
670 1670 715 1755 μὴ
745 1674 946 1747 ἐννακοσίους
978 1669 1094 1735 ύνεῖλε.
1150 1674 1301 1736 τοσσύτον
1328 1670 1386 1755 γὰρ

298 1772 456 1855 τολμηροί
473 1762 555 1853 ἦσαν
584 1764 627 1845 nic
648 1768 702 1835 καί
721 1778 805 1855 τρεῖς
835 1774 869 1849 ε”ξ
891 1770 996 1835 atrab
1019 1770 1100 1852 πρὸς
1117 1773 1268 1853 Βηθλεὲμ
1294 1764 1385 1834 duci·

299 1876 379 1937 δεῖν.
405 1869 459 1933 καί
487 1872 614 1951 α’γαγτδν
635 1866 723 1953 ὕδωρ
757 1874 801 1959 τῷ
820 1870 929 1952 Δαβίδ
947 1867 1033 1944 ἐντὸς
1052 1862 1116 1934 ὄντι
1135 1869 1426 1953 Ἶερυσσλύμων,τὸ

270 1970 495 2047 uetustatem
522 1967 640 2045 αύτούς
667 1968 721 2034 κατ’
747 1967 932 2049 ἐξελθόντας
967 1970 1020 2033 διὰ
1038 1972 1146 2050 μέσων
1175 1973 1237 2034 τῶν
1257 1975 1385 2035 Παλαι-

297 2072 408 2136 στιναῖν
427 2067 487 2149 ἔξω
511 2067 788 2154 παρακαθημένων
810 2067 866 2133 καί
886 2068 932 2153 μὴ
950 2065 1176 2152 τολμησάντων
1199 2068 1309 2145 αύταῖς
1330 2072 1383 2132 α’ν-

296 2180 430 2235 τιπεσεῖν
458 2168 512 2233 διὰ
545 2172 694 2232 τοσοῦτον
723 2164 843 2251 θράσος
873 2170 987 2233 adroic.
1040 2163 1168 2251 ύύδωρ
1190 2168 1249 2233 ούκ
1269 2168 1384 2253 η’θὲλη·

297 2294 333 2334 σε
352 2280 434 2334 πιεῖν
455 2268 472 2333 ὅ
497 2267 621 2349 Δαβύδ,
654 2263 720 2331 ἀλλ’
742 2266 868 2333 ἔσπεισε
888 2269 932 2353 τῷ
955 2271 1036 2355 θεῷ,
1060 2267 1115 2333 κατ’
1133 2266 1210 2344 τούς
1233 2264 1383 2354 στρατιώ-

300 2394 357 2445 τας
376 2370 554 2450 ἐθαύμοισε.
1392 2384 1426 2427 ον

378 2468 476 2535 Μετὰ
497 2470 651 2535 δὲταῦτα
678 2468 911 2551 χειροτονηθεὶς
937 2464 1025 2549 παρὰ
1049 2470 1107 2531 τού
1127 2470 1235 2549 Audiri
1253 2466 1272 2531 δ
1292 2471 1384 2548 Σολο-

296 2566 365 2649 univ
386 2567 533 2631 ἐκάθισεν
553 2567 606 2631 ἕπτ’
626 2567 744 2649 θρόνου
767 2569 877 2650 κυρίου
899 2569 944 2641 εἰς
971 2564 1143 2647 βασιλεύειν,
1164 2572 1328 2632 τουτέστιν
1341 2569 1385 2639 εἰς

297 2828 352 2877 suis
373 2822 542 2873 restituisset.
573 2836 627 2888 qna
655 2820 688 2869 de
716 2836 795 2871 causa
813 2822 930 2889 populus
960 2823 1099 2873 universus
1126 2837 1187 2873 cum
1206 2822 1381 2875 iureiurando

297 2894 459 2953 adstrinxit,
477 2908 531 2960 quo
549 2908 578 2941 se
599 2890 725 2959 deinceps
746 2910 806 2941 cum
825 2894 937 2943 caeteris
955 2894 984 2942 iu
1001 2893 1105 2961 praelia
1121 2910 1177 2944 non
1197 2895 1382 2962 proiecturum

295 2966 480 3037 polliceretur.
510 2978 613 3013 rursum
642 2962 787 3013 Palaestini
820 2971 903 3013 castra
930 2964 1023 3013 castris
1043 2963 1225 3015 Hebraeorum
1245 2983 1382 3035 opposue-

295 3044 371 3095 rant,
399 3032 591 3102 habebantque
622 3050 712 3083 secum
739 3032 876 3084 hominem
902 3034 1064 3101 proceritate
1082 3049 1129 3083 ses
1146 3034 1317 3100 cubitorum,
1339 3038 1381 3087 cui

296 3116 385 3158 esseut
403 3107 432 3157 in
458 3113 571 3173 utraque
594 3104 686 3173 planta
704 3103 782 3171 pedis
806 3113 834 3154 et
853 3112 968 3172 utraque
995 3122 1078 3155 uranu
1094 3104 1172 3172 digiti
1192 3106 1284 3173 piures
1302 3124 1382 3176 quani

293 3187 406 3229 naturae
426 3176 596 3227 conveniret:
615 3176 760 3225 eratenim
780 3175 883 3243 etipse
902 3175 936 3225 de
954 3176 1089 3243 gigantum
1107 3178 1224 3243 posteris
1243 3178 1381 3231 oriundus.

295 3248 383 3311 huuc,
403 3248 495 3299 ductio
515 3262 689 3313 congressus,
707 3245 839 3297 lonatban
857 3245 977 3297 Sabaeos
996 3245 1106 3314 quidam
1125 3248 1271 3309 interficit,
1294 3265 1381 3318 eoque

314 3327 373 3369 acto
391 3318 520 3369 victoriae
548 3317 603 3369 suis
626 3324 719 3367 auctor
737 3317 848 3368 exstitit.
880 3317 915 3367 ab
943 3332 974 3367 eo
1003 3325 1124 3384 tempore
1142 3316 1289 3369 Palaestini
1306 3320 1380 3371 briio

292 3336 431 3441 iiebraeos
449 3388 550 3439 adoriri
569 3386 725 3448 desierunt,
755 3404 810 3456 qna
828 3388 970 3439 occasione
990 3387 1106 3437 Davides
1124 3389 1211 3439 otium
1228 3407 1244 3439 a
1262 3389 1380 3460 negotiis

292 3468 387 3515 nactus
406 3458 510 3525 hymnis
529 3456 610 3509 deum
628 3456 741 3508 laudare
757 3460 848 3526 coepit
871 3457 991 3526 odasque
1007 3475 1094 3507 sacras
1110 3468 1262 3510 contexero.

364 3529 508 3581 Sciendum
527 3537 570 3580 est
586 3536 676 3580 autem
693 3527 823 3583 habuisse
839 3527 950 3597 quidem
966 3528 1067 3579 milites
1077 3528 1208 3579 Davidem
1227 3530 1379 3599 complures

293 3602 387 3652 invicti
416 3600 541 3663 roboris,
570 3616 662 3651 verum
692 3600 816 3669 quinque
833 3600 943 3653 omnino
963 3598 1083 3650 eximios.
1101 3598 1198 3651 borum
1218 3601 1247 3651 in
1266 3617 1379 3653 nurnero

293 3674 346 3725 fuit
364 3688 434 3723 sinus
456 3670 503 3739 qui
524 3680 664 3721 sexcentae
679 3667 770 3721 hostes
789 3686 843 3722 uno
863 3670 908 3721 die
926 3669 1081 3731 interemit,
1099 3671 1165 3721 item
1177 3671 1247 3723 alius
1266 3673 1313 3741 qui
1331 3668 1380 3722 sd·

292 3760 383 3795 versus
403 3740 495 3792 hostes
520 3741 662 3809 prosiliens
685 3740 817 3791 caedendi
838 3740 918 3792 iinem
942 3740 1017 3809 prius
1045 3757 1101 3792 non
1122 3742 1188 3794 fecit
1211 3760 1290 3810 quam
1310 3759 1380 3793 non·

294 3822 387 3881 gentos
409 3810 560 3863 occidisset.
578 3818 654 3863 tantu
673 3810 768 3862 itidem
789 3811 906 3880 praediti
924 3820 1001 3863 erant
1019 3810 1144 3875 audacia,
1165 3821 1196 3865 ut
1213 3821 1268 3864 tres
1285 3829 1378 3865 eorum

294 3883 496 3936 liethieisemam
521 3890 663 3950 pergerent
687 3898 716 3932 ac
740 3882 837 3933 Davidi
866 3891 923 3935 tum
942 3882 1136 3948 Hierosolymis
1154 3882 1263 3951 degenti
1282 3899 1378 3953 aquaso

294 3957 447 4015 adferrent,
480 3952 596 4021 proiecti
623 3969 656 4003 oo
682 3951 856 4021 vicissimque
882 3954 981 4005 reversi
1003 3970 1053 4021 per
1071 3953 1175 4005 medios
1201 3955 1377 4015 Palaestinos,

293 4036 369 4079 extra
388 4023 518 4095 oppidum
536 4024 566 4075 in
586 4024 678 4074 castris
695 4023 880 4086 considentes,
896 4040 947 4075 nec
962 4032 1074 4092 propter
1090 4025 1222 4093 insignem
1243 4025 1313 4076 hanc
1329 4041 1378 4073 su·

295 4100 397 4149 sisciam
419 4112 448 4147 se
473 4096 538 4164 ipsis
566 4093 683 4144 obiicere
711 4110 798 4145 ausos.
819 4102 902 4162 atque
931 4094 1001 4146 hano
1025 4112 1124 4164 aquam
1146 4094 1242 4147 bibere
1260 4094 1376 4148 Derides

294 4169 399 4229 noluit,
417 4166 465 4218 sed
483 4165 596 4217 miiitum
617 4166 742 4215 virtutem
760 4163 907 4216 admiratus
926 4182 982 4217 eam
1003 4163 1054 4216 deo
1071 4166 1176 4217 libavit

364 4236 516 4291 Secundum
531 4236 598 4289 baec
614 4234 768 4304 designatus
785 4253 800 4287 a
817 4234 921 4289 Doride
941 4236 1068 4300 δαίσατο,
1096 4236 1220 4291 consedit
1236 4238 1264 4291 in
1278 4234 1373 4289 tbrono
