3000 4859
277 298 336 403 48
631 322 853 391 menimis
883 324 1048 391 onium

277 476 360 540 τῦνδτ
380 468 402 556 ἢ
421 472 550 542 τοιῶνδε
571 478 636 547 τοῖς
650 467 822 556 χροῦμασιν
835 472 1066 538 ἀνατελλόντων
1078 471 1136 556 τήν
1147 494 1181 536 τε
1191 474 1379 559 χειμερινήν

275 577 337 639 τοῦ
352 573 446 657 δέρος
469 568 662 637 κατάστασιν
683 575 740 636 καί
748 570 808 658 τὴν
822 571 981 657 εὐδιεινὴν
996 568 1228 656 σημειοῦμεδα.
1249 576 1292 638 δι’
1311 574 1375 639 αδ·

278 677 343 737 νῦν
357 670 391 735 αἱ
405 669 529 757 τροπαί,
547 672 590 734 δι’
604 669 713 735 arieti?
725 666 756 736 ot
766 674 881 759 καιροί,
895 665 953 754 ἔαρ
966 670 1099 754 δηλαδή,
1113 673 1219 753 θέρος,
1234 669 1378 753 nmium-

273 794 338 859 -ρον
352 770 410 836 καί
419 770 558 855 χειμών·
582 766 600 835 δ
613 766 674 855 γὰρ
688 762 776 856 ἥλιος
790 770 849 837 τδν
862 768 1019 850 ζωδιακὸν
1032 770 1137 853 ἠρέμα
1152 770 1306 835 διοδεύων
1320 771 1378 835 uri·

279 878 365 955 κλον,
379 872 435 935 καί
445 872 518 934 ποτὲ
532 870 591 950 μὲν
608 870 651 957 τῷ
667 870 802 960 καρκίνῳ
818 868 1078 955 παραγενόμενος
1098 872 1173 934 κοτὲ
1191 873 1227 935 δὲ
1235 874 1278 958 τρῖ
1291 872 1379 961 ζυγῷ
1387 886 1409 949 5

250 974 335 1044 nuci
361 964 470 1035 ῦλλοτι
496 966 592 1035 πάλιν
613 971 647 1034 ἐν
680 974 725 1060 cpi
747 974 949 1055 αἰγοκέρωτι,
969 967 1028 1044 τὰς
1048 971 1283 1055 διαληφδείοας
1303 974 1378 1035 τέσ-

278 1092 381 1155 σαρας
401 1069 545 1157 εἰσφέρει
568 1065 697 1151 τροπάς.
741 1070 786 1133 δι’
811 1069 918 1135 αῦτιῦν
940 1067 975 1132 αἱ
998 1068 1133 1153 ἡμέραν,
1154 1071 1197 1133 δι’
1217 1071 1322 1134 adsuit
1344 1066 1378 1134 οἱ

278 1171 430 1235 ἐνιαυτοί.
481 1169 525 1257 τῷ
548 1164 608 1253 γὰρ
632 1168 758 1257 οδρανρῖ
786 1166 1101 1253 συμπεριφερόμενος
1132 1166 1150 1233 δ
1182 1162 1270 1252 ἥλιος
1288 1177 1382 1233 ποιεῖ

277 1268 314 1334 τὸ
341 1270 561 1354 νυχθήμερον,
590 1268 658 1358 ἰδίᾳ
690 1268 725 1333 δὲ
753 1267 810 1354 τὴν
832 1262 952 1333 ἑαυτοῦ
980 1270 1168 1350 ποιοῦμενος
1192 1268 1299 1333 δίοδον
1319 1267 1377 1332 καί

278 1363 342 1433 ἀπὸ
367 1368 482 1448 ζωδίου
504 1370 716 1449 ’μεταβαίνων
740 1368 788 1443 είς
822 1366 937 1447 ζοῦδιον
957 1366 1012 1432 τὸν
1030 1365 1178 1433 ἐνιαυτὸν
1198 1368 1374 1452 ἐκπληροῖ·
1389 1402 1430 1443 10

250 1449 420 1543 ἐνιαυτὸς
447 1464 509 1551 γορ
536 1460 630 1530 σοι»
666 1459 745 1531 eno
769 1466 854 1532 eru
884 1466 997 1551 ιιιῆ
1033 1466 1094 1531 σοι
1117 1468 1178 1531 τοι
1200 1468 1299 1531 τινα
1318 1468 1378 1531 και

276 1562 344 1642 ἑνὸς
365 1568 498 1651 σημείου
531 1564 585 1629 εἰιί
603 1563 639 1630 τῦ
664 1562 744 1629 αδτδ
770 1565 865 1631 πάλιν
886 1563 1158 1641 ἀποκατάστασις.
1216 1568 1318 1630 ταῦτα
1337 1568 1377 1633 δὲ

276 1664 403 1741 πάντως
426 1666 483 1729 ουίι
504 1656 591 1741 ῦξιον
612 1667 735 1749 α’γνοεῐν
749 1663 823 1741 τοῦς
841 1662 983 1741 πιστοῦς.
1024 1668 1172 1732 ἐντεῦθεν
1188 1664 1250 1751 γὰρ
1272 1664 1293 1747 ἦ
1315 1658 1378 1749 ἄρ-

277 1788 373 1849 ρητος
392 1767 450 1830 τοῦ
470 1766 550 1828 θεοῦ
568 1766 670 1849 σοφία
684 1764 958 1847 καταλαμβάνεται
979 1767 1034 1830 καί
1054 1761 1211 1848 δῦναμις·
1251 1763 1292 1829 τοὶ
1312 1762 1375 1849 μδρ

247 1862 402 1949 (ια’ῦρατοι
428 1864 549 1945 ου’τοῦ,
576 1858 662 1928 καθά
692 1887 775 1951 φησι
802 1868 958 1944 Παῦλος,
990 1860 1054 1929 uiui
1087 1864 1218 1943 κτίσεως
1251 1865 1374 1946 κόσμου
1389 1876 1428 1943 15

190 1972 343 2038 λλυοτοῖς
365 1960 521 2047 ποιήμασι
544 1957 704 2044 νοούμενα
726 1966 917 2047 καθορᾶται.
967 1962 1066 2053 ταύτῃ
1084 1987 1135 2029 τοι
1152 1965 1208 2028 καί
1227 1966 1377 2047 κατακρί-

274 2086 347 2139 τους
366 2061 536 2139 δκείνουςδ
555 2066 654 2147 μέγας
675 2063 758 2150 φησί
764 2063 926 2145 Μάξιμος,
947 2058 1018 2129 ῦσοι
1041 2061 1096 2129 διδ
1118 2067 1174 2150 τῆς
1192 2066 1257 2129 τῦν
1278 2055 1377 2128 ὄντων

274 2166 382 2241 αἰτίας
401 2158 454 2227 οῦ
460 2170 668 2249 χειραγωγεῖν
691 2164 839 2227 ἐθέλουσι
858 2162 915 2227 καί
933 2158 1082 2241 ὶοιυτοῦς.

349 2256 458 2330 ”Edere
484 2264 584 2328 ταῦτα
615 2264 662 2338 εἰς
689 2271 805 2347 σημεῖα
839 2265 897 2327 καί
918 2264 964 2339 cic
983 2260 1127 2348 καιροῦς.
1180 2264 1225 2350 τῷ
1243 2257 1373 2351 μεγοὶλρι

274 2356 437 2453 1Βασιλείρι
458 2362 627 2429 κάνταῦθα
655 2364 826 2445 προσέχειν
844 2384 882 2427 σε
907 2353 1005 2439 ῦξιον.
1048 2362 1083 2427 ἐν
1100 2358 1165 2445 μδρ
1186 2364 1229 2451 τῇ
1248 2359 1427 2445 cicutino

273 2460 448 2550 ἑξαήμερον
469 2464 540 2550 ἕκτῃ
562 2460 661 2527 αδτοῦ
683 2459 793 2550 δμιλίρι
813 2460 889 2545 nepe*
907 2466 965 2545 τῆς
982 2464 1046 2527 coir
1065 2463 1209 2546 α’στὲρων
1229 2486 1373 2546 καρατη.

274 2559 396 2648 ρήσεως
416 2560 473 2625 καί
488 2556 564 2626 τάδε
578 2560 687 2645 φησίν.
728 2561 887 2643 οἷναγιιαία
905 2558 986 2646 πρὸς
1004 2559 1060 2626 τῦν
1081 2557 1282 2646 α’νθριῦιιινον
1301 2562 1373 2643 βίον

343 2732 368 2784 5.
387 2724 642 2803 παραγινόμενοςλ

272 2884 318 2941 vel
335 2884 388 2937 hoc
405 2880 450 2935 rel
478 2880 527 2932 illo
551 2880 633 2935 modo
659 2881 780 2934 colorata
805 2884 943 2947 oriuntur,
962 2892 1010 2936 cut
1027 2883 1165 2937 turbidam
1185 2892 1232 2936 eut
1249 2900 1373 2957 serenam

274 2956 345 3009 atris
370 2952 593 3006 constitutionem
616 2954 675 3003 sore
692 2962 825 3005 notamus.
853 2970 903 3024 per
923 2971 954 3006 ea
974 2954 1163 3007 conversiones
1182 2956 1247 3007 anni
1265 2964 1373 3026 tempo.

274 3044 333 3077 nrm
353 3025 464 3095 ipsaque
484 3030 606 3093 tempora
625 3022 795 3089 efficiuntur,
813 3025 940 3077 nimirum
952 3044 998 3077 rer
1015 3036 1103 3079 aestas
1123 3034 1266 3078 autumnus
1275 3026 1374 3083 hieme.

275 3096 376 3149 etenim
397 3094 439 3146 sol
456 3094 586 3146 circulum
604 3092 683 3146 illum
706 3112 788 3167 quem
806 3096 949 3149 Zodiacum
969 3106 1067 3149 vocant
1087 3098 1185 3149 aensim
1203 3114 1373 3166 percurrens,

274 3167 339 3218 dum
357 3164 438 3218 modo
458 3166 488 3217 in
508 3166 610 3217 Cancro
630 3164 813 3218 fertur-modo
832 3168 861 3219 in
881 3168 961 3219 Libra
977 3166 1059 3219 modo
1081 3168 1110 3219 in
1129 3167 1313 3237 Capricorno,
1332 3170 1374 3220 vi-

273 3254 318 3290 ces
340 3237 400 3289 illus
418 3238 483 3289 anni
502 3244 652 3307 temporum
675 3248 804 3309 quattuor
820 3238 954 3291 indicatas
976 3238 1066 3291 efficit
1084 3254 1134 3309 per
1151 3236 1246 3289 eudem
1267 3247 1295 3291 et
1313 3239 1373 3291 dies

274 3308 430 3360 efficiuntur
458 3316 486 3361 et
503 3308 577 3359 anni.
608 3324 670 3359 nam
689 3326 743 3360 una
766 3324 827 3360 cum
844 3309 922 3361 coelo
941 3309 981 3363 sol
1000 3312 1191 3362 circumvectus
1209 3318 1375 3363 nocturnum

274 3379 456 3449 diurnnmque
476 3378 593 3447 spatium
611 3378 736 3431 absolvit
755 3379 829 3431 idern
849 3380 948 3431 itinere
966 3395 1014 3431 ruo
1033 3380 1210 3449 peculiariter
1234 3381 1373 3445 absoluto,

273 3448 363 3520 deque
381 3450 458 3518 signo
477 3448 512 3500 ed
531 3451 636 3518 signum
657 3466 820 3515 commeans,
838 3452 903 3502 anni
921 3453 1037 3520 spatium
1056 3450 1175 3519 perficit:
1194 3467 1279 3503 annus
1298 3452 1373 3504 enim

273 3518 349 3572 aliud
368 3519 438 3572 nihil
456 3528 497 3571 est
515 3536 596 3591 quarn
613 3518 647 3571 ab
666 3538 721 3574 uno
740 3521 892 3642 eodemtpre
904 3524 980 3589 signo
998 3520 1034 3571 nd
1052 3520 1124 3571 iilud
1141 3522 1229 3593 ipsum
1246 3521 1311 3574 sniis
1328 3540 1374 3574 re-

272 3594 370 3643 versio.
386 3590 453 3642 haec
471 3593 583 3643 omnino
596 3588 730 3660 religiosis
742 3592 847 3646 homini
869 3610 899 3643 us
913 3594 1005 3661 ignote
1022 3608 1081 3643 csse
1099 3608 1155 3643 non
1176 3592 1287 3644 debent
1308 3610 1372 3645 nam

273 3662 370 3715 dehis
392 3662 527 3733 sapientia
555 3670 731 3735 potestasque
750 3664 814 3729 (lei,
841 3678 911 3735 qunc
930 3662 1053 3713 oratione
1073 3664 1178 3715 nemini
1201 3664 1299 3734 exponi
1320 3682 1373 3734 po-

272 3742 344 3799 test,
366 3733 523 3803 percipitur.
551 3734 653 3785 etenim
675 3751 746 3805 quae
772 3743 836 3786 sunt
854 3734 912 3786 eius
931 3730 1175 3803 inadspectabilia,
1194 3734 1368 3804 quemadmo·

273 3808 337 3855 dum
356 3804 454 3856 Paulus
473 3802 561 3874 (iiom.
585 3820 594 3855 ι
620 3808 663 3875 ιο)
688 3806 742 3871 uit,
770 3822 802 3857 eu
821 3804 854 3855 de
872 3802 968 3856 mundi
989 3804 1141 3871 creatione,
1161 3806 1224 3857 dnm
1243 3806 1372 3857 conside-

272 3884 364 3927 rantur
390 3893 438 3945 per
458 3890 556 3944 opera,
575 3876 783 3945 perspiciuntur.
810 3884 954 3947 propterea
978 3874 1147 3928 damnabiles
1170 3878 1233 3927 iilos
1252 3877 1292 3928 sit
1312 3893 1371 3928 esso

271 3944 422 4009 Maximus,
442 3946 599 4017 quicunque
620 3962 669 4016 per
687 3947 871 4017 cognitionem
889 3946 1072 3999 universitatis
1098 3955 1187 3999 rernm
1206 3946 1242 3999 ad
1262 3963 1371 3999 cansam

271 4017 357 4089 ipsius
376 4016 562 4070 universitatis
581 4032 640 4069 sese
678 4021 737 4071 uaei
755 4017 938 4070 manuducere
958 4020 1064 4071 nolunt.

343 4086 410 4139 Cum
427 4096 518 4139 nutem
546 4086 601 4140 dici
622 4036 700 4141 auiis
734 4088 898 4153 „constituit
920 4104 951 4141 ea
970 4090 999 4142 in
1020 4092 1096 4159 signa
1114 4096 1143 4139 et
1159 4090 1316 4159 tempora,”
1333 4090 1372 4140 si-

270 4156 328 4211 mui
345 4156 454 4211 adverte
475 4154 543 4228 quid
559 4175 574 4208 a
592 4158 692 4211 basilio
712 4158 845 4214 tradatur.
871 4177 932 4211 narn
949 4160 978 4213 in
996 4162 1129 4214 concione
1146 4156 1181 4211 de
1200 4176 1247 4210 sex
1265 4158 1372 4211 dierum

270 4230 400 4299 operibus
421 4246 535 4283 numero
556 4239 631 4282 sexta
647 4228 804 4284 huiusmodi
825 4230 958 4303 quaedam
988 4228 1160 4287 desiderum
1176 4230 1370 4284 observatione
