3000 4859
552 359 817 425 'Prooemium
847 355 849 358 ’
1181 361 1257 427 XV'

139 540 178 581 er
210 518 262 581 his
280 515 402 580 munile
435 516 495 579 ism
518 514 638 599 liquere
665 513 796 597 Glyoasn
826 520 974 575 nesunm'
998 513 1122 595 quossis
1155 513 1239 595 apud

140 639 293 683 censores
312 616 402 679 facile
423 614 549 697 dignum
564 636 596 677 se
616 612 827 697 probaturum
846 612 905 698 qui
924 612 1095 676 Romanam
1110 613 1143 676 in
1158 614 1237 677 civi.

142 728 246 782 tatem
280 716 471 780 meatur.
506 724 656 779 ceterum.
674 723 710 776 ut
728 714 845 798 partim
873 733 937 775 non
960 703 1057 775 essent
1077 715 1134 798 qni
1154 716 1238 779 forte

143 840 194 881 res
215 820 260 881 ab
280 817 478 902 sequentihus
499 812 666 877 iohannem
684 814 880 899 principibus
897 821 995 897 gestas
1014 812 1236 891 derideamur,

143 918 265 1001 partim
285 926 324 981 ot
342 918 406 1000 ips'e
420 916 529 1000 Glpoas
549 936 588 979 eo
605 914 812 979 confidentius
831 915 865 976 in
885 912 1049 977 hominnm
1062 916 1158 980 oculis
1176 915 1238 980 irae

144 1018 241 1081 etiam
273 1016 548 1083 commendatione.
570 1018 669 1079 fretus
699 1025 882 1099 appareret,
915 1014 1051 1079 adiicere
1080 1016 1238 1103 quoddam

145 1120 234 1182 relat
256 1112 422 1201 ἐπίμετρον
443 1116 480 1180 de
502 1125 607 1179 nostro
630 1114 803 1195 voluimus,
832 1138 898 1200 quo
917 1136 1024 1180 census
1037 1118 1105 1181 eins
1123 1120 1238 1181 nonni.

144 1220 190 1280 hil
211 1226 392 1301 angeretur.
412 1216 463 1280 sle
491 1217 665 1281 urrinnai
694 1217 780 1279 enim
806 1217 1028 1300 scriptoribus,
1058 1218 1092 1281 ia
1125 1218 1237 1302 quihus

144 1320 253 1382 losum
272 1316 364 1381 facile
382 1316 555 1403 principem
568 1316 903 1379 sobtinenttihonistas
910 1317 1126 1396 imminutus,
1144 1318 1237 1381 Nice.

146 1418 267 1501 pisorns
277 1420 456 1502 Gregoras,
480 1419 633 1481 Leonicns
641 1416 844 1507 Atheniensis,
855 1417 1056 1502 Byzantium
1066 1415 1238 1498 historiam,

146 1520 234 1581 iilam
270 1518 364 1601 ipsius
386 1518 499 1603 Glycae
519 1519 636 1596 sacnti,
666 1516 705 1580 ad
725 1520 792 1581 eins
812 1516 900 1601 regni
919 1520 980 1601 per
997 1518 1120 1581 'furnos
1138 1521 1237 1583 eversi

147 1622 242 1681 finem
257 1619 480 1698 contexuimus,
497 1628 533 1681 ut
554 1618 640 1704 qnod
654 1620 785 1703 sparsim
799 1618 945 1681 hactenns
963 1627 996 1681 et
1014 1640 1050 1681 es
1063 1619 1156 1682 variis
1180 1641 1236 1705 pe-

147 1718 272 1781 tentium
297 1730 387 1798 erat,
423 1741 484 1781 nno
505 1721 565 1781 iam
586 1718 667 1781 libro
690 1718 854 1782 commode
876 1718 1007 1781 lectores
1027 1720 1235 1803 comprehen-

153 1842 216 1881 sum
233 1820 420 1882 invenirent.
442 1819 524 1902 apud
545 1829 577 1883 te
597 1840 694 1898 vero,
716 1819 869 1895 Domine,
889 1840 1006 1881 uorum
1026 1818 1110 1882 hunc
1135 1820 1236 1884 civem

152 1920 322 1981 Romanum
348 1919 387 1981 ab
408 1920 497 1981 initio
517 1921 625 1983 sistere
646 1918 749 1995 volni,
781 1918 865 2002 qnod
886 1918 1027 1980 littorum
1046 1920 1138 2003 plane
1157 1922 1236 1983 milri

148 2019 381 2099 persuaderem,
402 2028 439 2079 ut
456 2020 481 2081 si
501 2018 579 2099 tibi,
600 2020 721 2081 censori
742 2019 841 2101 polito
868 2028 900 2080 et
919 2019 1127 2103 incorrupto,
1156 2043 1234 2105 pro.

143 2120 287 2199 isar-etur,
308 2140 348 2181 eo
369 2118 485 2181 facilius
503 2118 636 2181 aliorum
648 2117 705 2181 sibi
725 2118 856 2201 gratiam
877 2128 971 2201 atspse
988 2119 1234 2183 benevolentiam

142 2218 335 2282 conciliaret.
366 2218 620 2300 praeterea'iure
648 2216 785 2304 quodam
808 2226 865 2281 taso
887 2218 945 2291 tssri
963 2238 997 2281 se
1017 2218 1128 2298 offert,
1148 2220 1234 2305 qnod

139 2319 277 2382 lsominis
299 2340 398 2403 opera
431 2316 567 2401 degentis
588 2320 621 2381 in
638 2326 704 2387 „tua
725 2317 840 2378 familia
858 2326 974 2380 vestem
991 2320 1163 2381 Romanam
1183 2320 1234 2380 in.

138 2416 261 2481 amris.
281 2416 418 2504 denique
436 2419 643 2497 sambucum,
664 2417 719 2501 qui
738 2417 884 2499 princeps
904 2418 937 2478 in
955 2439 1027 2480 enm
1048 2418 1233 2481 beneficiam

134 2517 456 2583 hoclncisliberioris
467 2518 613 2594 contulit,
626 2517 657 2578 in
672 2536 707 2577 os
719 2514 847 2579 laudare
861 2538 939 2599 prae
958 2516 1150 2582 verecundia
1168 2541 1231 2582 non
1334 2528 1338 2534 ’

137 2638 250 2681 ansus.
274 2617 356 2703 apud
377 2626 409 2681 te
429 2618 531 2681 virum
553 2616 714 2701 praeclare
734 2616 774 2678 de
794 2616 904 2681 litteris
917 2619 1066 2681 meritum
1079 2629 1112 2681 et
1131 2616 1232 2680 adhuc

133 2714 275 2780 cottidie
290 2726 466 2780 merentem
478 2716 658 2800 praedicare
681 2712 790 2794 voluit,
813 2738 906 2800 quem
923 2718 1017 2781 sciret
1035 2717 1231 2783 eruditorum

130 2816 245 2881 stodiis
267 2817 309 2878 ad
327 2818 374 2880 rei
393 2816 532 2898 publicae
552 2814 716 2881 commoda
734 2818 942 2901 spectantibus
963 2840 1059 2905 quatu
1076 2818 1230 2883 honmtis-

129 2920 208 2980 sisne
229 2938 362 3001 cupere.
385 2916 456 2979 dixi.

297 3163 304 3173 '
439 3154 648 3225 GLYCAS
675 3156 937 3225 SAMBUCO.

211 3329 294 3389 Non
319 3326 519 3409 proditurum
540 3354 590 3395 me
609 3332 762 3394 Samlsnce
783 3332 924 3414 sperabas

205 3428 345 3503 solnm,
368 3437 442 3511 toga
466 3452 569 3493 reeens
593 3434 738 3494 amictum
755 3434 918 3509 Romana,

205 3528 275 3612 qni
296 3526 440 3609 palliatus
462 3550 552 3593 more
573 3532 703 3595 antehac
724 3554 808 3595 cram
832 3533 938 3593 Graio.

205 3628 405 3691 comitarier
425 3651 474 3693 me
494 3632 643 3693 nimirum
668 3634 894 3715 imperatorum

202 3726 348 3789 'liranis
367 3750 511 3793 meorum
532 3742 563 3794 ct
584 3730 680 3793 dulcis
704 3731 756 3795 ille
774 3732 925 3807 debehat,

200 3848 343 3891 meeum
364 3830 532 3908 manase,
556 3832 612 3917 qni
636 3830 760 3894 delituit
784 3830 910 3892 invitus.

197 3928 267 3995 sod
290 3928 452 4011 surripuit
473 3932 555 3993 illam
577 3932 710 4017 ungulae
729 3932 869 3995 leoninae
920 3967 930 3981 ·

197 4029 430 4113 nequiterque
448 4030 590 4115 clamque
610 4032 721 4117 clepsit
741 4042 774 4095 et
791 4032 909 4114 fugiens
929 4052 1032 4092 secum

191 4128 344 4217 quidam
369 4128 512 4208 abstulit,
534 4132 671 4217 Phrygio
692 4131 731 4195 dc
763 4143 852 4215 gente
874 4131 924 4192 cui
946 4150 1076 4204 nomen,

186 4248 386 4313 numquam
407 4228 467 4292 hoc
489 4242 599 4317 aperto
622 4234 677 4317 pol
692 4234 831 4295 Gra‹livo
853 4233 998 4293 facturus.
