3000 4859
275 305 332 392 80
446 302 458 330 ⁸
602 323 821 393 ulcusaus
852 323 1015 394 curma

273 484 310 550 τό
326 477 442 564 σεμνόν
460 481 514 567 τῆς
531 478 664 567 χηρειάς
685 478 741 546 ναῒ
758 479 845 566 παρὰ
866 487 929 555 τοῖς
947 475 1073 563 ἀλόγοις
1092 477 1148 546 τοῦ
1162 479 1198 548 όν
1215 486 1283 558 ταῖς
1302 503 1362 546 πα·
1447 567 1449 570 ¹

272 579 445 668 λογαμόαις
465 581 629 665 ἀπρεποιλς
648 575 885 664 προτιμότερον.

336 676 541 757 Ἀδιιιοότατοζ
555 678 630 766 περὶ
639 678 769 763 τῆντοόν
783 675 916 762 ἐγγόνων
931 673 1052 764 τροφὴν
1066 674 1085 742 ό
1104 669 1205 755 ἀετός.
1223 675 1282 744 lio
1296 678 1360 766 γάρ

272 777 432 863 ἐξαγαγών
453 778 626 862 νεοσσούς,
647 777 705 844 τόν
723 777 827 862 ἕτερον
854 772 962 842 αάτάν
981 779 1027 854 εἰς
1045 779 1105 860 γῆν
1124 777 1362 863 καταρρήγνυσι

272 889 343 954 ταῖς
371 884 506 964 πληγαῖς
531 870 595 942 τοῖν
612 880 737 964 πτερῶν
758 873 1002 959 ἀπωθούμενος,
1035 875 1089 941 διά
1108 873 1143 943 τό
1164 879 1221 961 τῆς
1239 881 1393 963 τροφῆς5

272 980 419 1045 ἐπίπονον
450 973 487 1044 όν
513 980 675 1062 ἐγέννησεν
705 973 966 1057 ἀποποιοάμινος.
1021 977 1093 1040 ἀλλ’
1112 976 1171 1040 ουίι
1191 979 1230 1064 ἑᾷ
1249 981 1363 1042 τοῦτον

273 1075 396 1164 ἡφὴνη
425 1079 666 1163 διαφθαρῆναι,
695 1078 766 1140 ἀλλ’
799 1075 1005 1160 ὑπολαβοῦσα
1035 1069 1133 1141 αότόν
1151 1083 1215 1151 τοῖς
1236 1077 1365 1152 οἰκείοις

159 1182 164 1192 ’
193 1176 356 1262 Ρ.4ταυ’τῆ
376 1187 517 1254 νεοσσοῖς
535 1178 752 1262 συνεκτρέφιι.
793 1171 830 1240 όν
854 1177 889 1241 dd
911 1171 1070 1260 κρατήσας
1089 1175 1258 1259 ἐπιθρέψειν
1276 1199 1365 1242 νεοτ-

273 1272 370 1344 τόνό
398 1274 503 1358 ἀετός,
535 1273 691 1358 λαμβάνει
722 1273 780 1341 scol
806 1277 999 1340 συνίσταται
1031 1275 1134 1362 nisui,
1157 1273 1213 1338 soi
1231 1272 1288 1341 ἐάν
1305 1273 1362 1362 ἴδη

273 1374 375 1454 ου’τόν
403 1373 565 1456 εάτόλμως
592 1379 653 1456 μὲν
679 1371 732 1440 τόν
769 1374 849 1460 ἀέρα
879 1373 1072 1458 νηχόμενον,
1097 1373 1299 1454 όξνωποόντα
1324 1378 1423 1446 diro

273 1474 355 1561 πρός
374 1473 432 1558 τήν
451 1478 510 1538 τοῦ
531 1470 622 1569 ἡλίου
643 1473 859 1558 λαμπρότητα,
880 1473 923 1550 τός
944 1475 1058 1540 οἰκεῖον
1080 1481 1309 1558 περιποιεῖται,
1331 1477 1366 1541 εἰ

274 1577 312 1641 δὲ
329 1574 374 1658 μή
397 1597 451 1658 γε,
475 1573 519 1649 ἀς
538 1570 634 1638 νόθον
654 1569 841 1656 ἀποβάλλει.

352 1674 439 1740 Ἀλλ’
461 1670 621 1738 ἐπαινετόν
637 1671 671 1738 τό
696 1677 754 1757 τῆς
776 1667 915 1758 νιοράνης
935 1674 1132 1760 φιλότεκνον,
1153 1669 1176 1758 ἣ
1197 1677 1251 1740 κατ’
1269 1697 1364 1738 πιτυ-

271 1775 379 1857 μάνοις
399 1766 461 1858 ἤδη
480 1780 546 1848 τοῖς
566 1780 697 1848 νεοττοῖς
717 1773 894 1858 παρέπεται
914 1776 1080 1852 σιτίζουσα
1101 1772 1219 1849 αότοός
1239 1773 1295 1838 ani
1310 1777 1364 1840 s’x·

272 1878 436 1960 τρόφουσα
455 1873 552 1956 μέχρι
571 1875 702 1943 πολλοῦ.
742 1875 819 1956 περὶ
838 1875 947 1954 μέντοι
966 1873 1031 1938 τάν
1050 1876 1195 1957 νορωνάν
1215 1871 1270 1937 κατ’
1284 1874 1364 1938 τάδε
1379 1885 1421 1948 15

273 1972 371 2060 φησὶν
401 1969 419 2036 ό
448 1975 548 2054 μέγας
565 1973 736 2046 Βαστλειος
765 1973 799 2037 ἐν
820 1975 866 2061 τῷ
884 1968 960 2056 πιρό
978 1975 1128 2056 προνοίας
1148 1965 1229 2061 λόγιρ
1248 1971 1363 2038 nicusi.

272 2075 406 2156 ,θαῦμα
427 2073 510 2155 μέγα
531 2074 599 2145 πυός
627 2069 662 2134 αἱ
678 2072 817 2156 κορῶναι
834 2079 899 2147 τοῖς
918 2077 1086 2156 πελαργοῖς
1104 2073 1366 2156 συναπαόρονσαι

244 2174 509 2260 Βόορυροροῦσιν
538 2171 647 2245 adroic
683 2172 740 2235 soi
761 2173 1048 2256 παραπέμπουσιν,
1076 2169 1149 2252 ἐμοὶ
1168 2173 1271 2252 δοκεῖ,
1307 2175 1367 2236 καί
1462 2241 1473 2254 ‚

272 2273 460 2354 σνμμαχιλτν
480 2271 590 2344 αάτοῑς
617 2265 688 2334 τινά
719 2271 896 2353 παρέχουσι
923 2266 1004 2351 πρός
1024 2262 1159 2354 ὄρνιθας
1177 2267 1361 2352 πολεμίους.

270 2378 402 2454 σημεῖον
423 2369 460 2433 di
479 2370 602 2454 πράτον
620 2370 680 2450 μὲν
698 2365 744 2451 μὴ
760 2364 934 2454 φαίνεσθαι
954 2366 1015 2432 ἀπό
1039 2365 1096 2433 τόν
1114 2366 1226 2452 καιρόν
1244 2371 1364 2433 ἐκεῖνον
1374 2397 1423 2442 20

271 2470 410 2554 νοράνην
430 2463 649 2534 παντάπασιν·
702 2465 811 2532 ἔπειτα
829 2463 911 2547 μετά
932 2464 1125 2552 τραυμάτων
1147 2464 1364 2554 ἐπανερχόμε-

271 2591 326 2633 ναι
344 2568 403 2652 τῆς
421 2567 609 2649 σινμμαχιας
627 2567 746 2651 ἐναργῆ
766 2573 883 2650 σημεῖα
903 2567 1098 2650 νομιζουσι.”

271 2753 322 2806 bns
341 2759 415 2815 esto,
430 2750 504 2802 vitae
521 2749 648 2802 nimirum
663 2745 763 2801 viduae
791 2719 938 2820 puritatem
957 2752 991 2804 ab
1012 2752 1077 2822 ipsis
1096 2751 1178 2805 eliam
1195 2749 1281 2804 brutis
1300 2753 1365 2806 ani-

270 2823 408 2879 mantibus
425 2820 569 2872 indecorae
587 2818 707 2890 plurium
724 2823 877 2890 nuptiarum
895 2823 1057 2892 appetitioni
1074 2823 1212 2892 praeferri.

342 2894 434 2960 Longe
458 2891 636 2944 iniustissima
663 2892 753 2942 estin
782 2891 945 2946 educatione
964 2910 1029 2946 suae
1054 2892 1157 2946 sobolis
1175 2893 1276 2964 aquila.
1296 2909 1365 2946 narn

271 2983 333 3017 cnm
348 2963 438 3033 pullos
456 2962 525 3013 duos
544 2959 687 3082 Kroduxil,
705 2963 821 3013 alterum
842 2963 985 3016 interram
1005 2965 1102 3016 delicit
1118 2963 1219 3018 alarum
1239 2963 1365 3016 verberi-

269 3036 322 3087 bus
339 3041 508 3103 protrusum,
529 3050 546 3083 ο
587 3031 758 3084 educationis
785 3033 889 3086 scilicet
905 3051 1045 3087 aerumnas
1064 3041 1146 3104 atque
1164 3036 1301 3087 molestias
1319 3035 1366 3087 se-

270 3115 328 3158 tum
349 3103 383 3154 nh
401 3121 430 3156 ss
447 3112 617 3174 procreatum
637 3119 785 3156 removens.
802 3104 850 3157 sed
868 3103 1004 3157 abiectum
1026 3105 1130 3175 phene,
1151 3121 1231 3174 quarn
1252 3105 1365 3158 ossifra-

270 3193 330 3246 gam
344 3173 453 3239 dicunt,
469 3175 559 3245 perire
575 3190 633 3226 non
651 3175 730 3226 sinit:
752 3191 813 3226 nam
841 3173 977 3227 sublatum
997 3177 1052 3228 suls
1070 3193 1130 3228 cum
1148 3176 1232 3244 pullis
1255 3175 1364 3230 educat.

271 3263 353 3317 quern
379 3255 469 3298 autem
494 3245 601 3315 pullum
625 3246 683 3314 ipsa
703 3245 753 3297 alit
770 3246 876 3315 aquila,
904 3263 995 3300 secum
1010 3246 1110 3298 deinde
1126 3247 1225 3310 sumit,
1243 3256 1271 3298 et
1288 3247 1365 3300 inter

270 3316 416 3370 volandum
435 3333 496 3368 cum
513 3333 564 3380 eo,
589 3316 614 3366 si
632 3315 745 3386 quidem
765 3317 893 3370 audacter
910 3324 974 3370 altra
991 3324 1126 3369 secantem
1143 3316 1234 3369 videat
1246 3333 1277 3368 ac
1295 3318 1364 3370 solis

271 3387 444 3457 splendorem
463 3388 549 3438 acutis
577 3395 754 3438 contuentem
773 3387 873 3454 oculis,
893 3395 925 3440 ut
942 3405 1021 3440 cuum
1038 3387 1140 3441 retinet
1157 3396 1240 3458 atque
1257 3397 1364 3453 serrat,

270 3457 438 3520 sinautem,
457 3473 506 3508 ceu
523 3458 644 3526 spurium
662 3457 765 3509 abiicit.

339 3528 361 3580 Ε
382 3527 516 3580 contrario
544 3528 659 3578 cornicis
682 3544 757 3580 arnor
774 3526 803 3579 in
821 3525 944 3578 sobolem
969 3525 1120 3596 praedicari
1137 3537 1271 3590 meretur,
1289 3543 1363 3597 quse

269 3598 362 3670 pullos
385 3599 438 3648 inm
463 3598 585 3649 volantes
612 3595 791 3649 nihilominus
815 3612 861 3648 eoa
881 3605 1064 3661 consectatur,
1083 3599 1184 3668 pascit,
1203 3607 1231 3651 et
1248 3600 1364 3667 longum

270 3670 337 3721 satis
356 3666 392 3719 ad
414 3677 522 3737 ternpus
540 3667 645 3720 educet
675 3666 770 3720 dehis
788 3681 899 3735 mugnus
924 3667 973 3718 ille
991 3668 1107 3722 Basilius
1136 3668 1204 3721 haec
1230 3670 1311 3721 etiam
1331 3670 1364 3724 iu

270 3740 395 3791 orations
408 3756 456 3791 sua
477 3738 512 3790 de
535 3738 710 3808 providentia
729 3735 820 3789 tradit
844 3753 905 3798 res,
923 3738 1028 3807 inquit,
1048 3741 1192 3804 astruite,
1210 3757 1270 3792 euru
1288 3740 1366 3790 cico-

269 3809 323 3862 niis
342 3811 463 3861 cornices
481 3808 638 3873 discedere,
663 3809 797 3878 quasique
814 3806 948 3860 satellites
966 3825 1060 3862 earum
1078 3817 1106 3863 et
1123 3811 1228 3864 itineris
1248 3811 1364 3862 comites

270 3895 339 3932 esse.
369 3880 535 3950 quinetlim,
557 3897 617 3931 mea
645 3879 758 3949 quidem
786 3879 939 3941 sententia,
961 3879 1054 3933 lerunt
1085 3882 1123 3934 eis
1149 3881 1276 3932 adversus
1298 3897 1364 3932 aves

271 3949 400 4020 quasdam
417 3949 532 4003 hostiles
550 3949 688 4002 auxilium.
707 3948 782 4020 quod
793 3964 852 4001 esse
868 3964 962 4001 verum
979 3952 1098 4020 primum
1116 3969 1148 4005 eo
1160 3953 1237 4020 signo
1254 3952 1364 4020 colligi.

270 4029 326 4083 tur,
338 4019 413 4090 qnod
434 4036 466 4072 so
487 4029 610 4091 tempore
628 4035 763 4089 nuquam
783 4019 840 4070 ulla
858 4019 951 4072 cornix
963 4023 1159 4093 conspiciatur,
1172 4021 1272 4074 deinde
1286 4021 1365 4092 quod

271 4108 332 4142 cum
354 4089 512 4144 vulneribus
532 4099 698 4145 revertentes
715 4090 863 4162 praestitas
882 4092 1019 4148 societatis
1047 4092 1186 4152 evidentes
1213 4101 1291 4146 notas
1318 4109 1364 4146 se-

271 4178 332 4214 curn
352 4163 449 4214 lerant.
1168 4197 1182 4244 ,
