3000 4859
257 269 344 373 tio
590 289 808 360 uscusffls
838 293 1000 361 essese

259 445 359 512 πολλά
381 443 514 524 στύματα
537 445 602 509 τάν
620 447 854 530 κεκοιμημένων
875 443 973 527 άγιλον
993 444 1165 527 ἀνέστησαν
1179 441 1223 519 εἰς
1235 444 1348 511 ineri-

101 575 121 618 s
257 549 317 612 θεν
337 541 412 608 θεὸν
433 541 698 627 ἀνακηρυχθῆναι
719 542 774 609 τάν
800 541 984 625 πάσχοντα,
1013 547 1216 628 πνστονθῆναῖ
1230 567 1265 609 τε
1287 550 1347 627 τῆς

163 655 249 711 Patr
260 642 438 718 τελευταῖος
455 640 510 706 καί
529 643 633 726 κοινῆς
651 641 854 718 ἀναστάσεως
876 641 913 707 τά
934 643 1110 727 μυστήριον
1128 641 1186 706 sul
1205 644 1270 707 τάν
1289 667 1347 706 τα-

258 744 435 826 τεχομὲναν
462 745 497 806 ε“ν
527 736 609 830 ᾅδου
635 744 753 824 ψυχάν
779 739 835 826 την
853 743 1040 824 ἐλευθερίαν
1059 739 1142 822 ὁμοῦ
1159 741 1215 806 καί
1232 741 1349 807 ἐντάνυ-

260 844 326 907 δον.
365 843 420 904 καί
446 839 507 923 γάρ
536 835 571 904 αἰ
600 835 810 907 πιστεύσασαι
829 836 938 922 ψυχαὶ
957 843 1003 929 spi
1021 843 1154 929 Χριστῷ
1174 837 1379 924 καταβάντι5

259 939 341 1026 πρὸς
360 935 440 1030 ᾅδην
457 936 559 1015 stude
576 936 796 1024 ἀπελύθησαν.
836 941 892 1005 καί
910 943 980 1006 iuer*
996 939 1156 1006 άδύνατον
1175 932 1215 1024 ἦν
1233 938 1350 1022 ψυχάς

259 1035 344 1120 orirer
363 1036 487 1124 γυμνάς
509 1040 671 1124 αἰσθητοῖς
692 1038 851 1125 ὁραθῆναι
869 1041 1070 1127 ὀφθαλμοῖς,
1097 1042 1254 1128 σίτονομνζτ
1272 1043 1350 1126 &erp

161 1145 191 1197 V·
206 1137 339 1224 ιγηπρὸς
364 1143 470 1206 πίοτιν
493 1138 575 1220 μετά
608 1137 768 1222 στομάτοιν
796 1143 961 1226 ἐφάνησαν
978 1139 1014 1205 αἱ
1032 1144 1097 1205 τάν
1115 1142 1349 1224 κεκοιμημένον

262 1239 362 1324 άγιάν
390 1239 513 1322 ψυχαί,
542 1233 603 1306 ιίθ*
634 1235 734 1318 ούτοος
753 1243 800 1317 εἰς
816 1237 894 1316 τούς
914 1241 1084 1326 α’νῆιιοντας
1101 1235 1212 1314 πάταῖς
1230 1235 1351 1312 τύπους

262 1341 455 1423 άπέπτησαν.
1364 1365 1400 1406 ro

338 1433 420 1522 Ὅρα
443 1440 488 1520 δέ,
512 1440 673 1524 α’γαπητί,
694 1439 776 1523 μήτε
794 1445 859 1515 τοῖς
879 1429 943 1504 dtr
964 1435 1089 1502 νάκελνε
1106 1439 1351 1520 μυθολογουμέκ

262 1561 329 1615 νοις
359 1541 413 1603 καί
441 1533 524 1621 slep*
545 1535 671 1604 διάνοια
693 1535 972 1623 περιτραπὴσειαι.
1015 1533 1064 1602 δτι
1084 1541 1146 1615 μὲν
1163 1534 1227 1620 γάρ
1245 1539 1352 1621 φημῖ.

264 1641 351 1720 ζεται
382 1633 469 1720 παρά
490 1643 556 1712 τοῖς
578 1643 705 1712 πολλοῖς
728 1641 767 1724 τῇ
787 1638 993 1722 Μαγδαληνῇ
1013 1639 1117 1723 ἰνεινη
1134 1637 1277 1717 ἐντυχεῖν
1294 1633 1353 1700 τὸν

233 1734 408 1822 ΒΓαληνόν
427 1733 548 1820 ἰατρόν,
568 1736 623 1802 καί
640 1738 775 1804 άτιούσαι
793 1740 866 1823 παρ’
889 1738 989 1820 αύτῆς
1007 1731 1060 1801 άτι
1080 1733 1203 1821 sopite
1216 1735 1352 1818 ἰνγενε·

264 1837 319 1920 τῆς
340 1835 357 1898 ά
378 1833 518 1920 Χριστὸς
544 1837 677 1918 ἰάσατο,
710 1838 879 1903 κάντεῦθεν
906 1839 1007 1902 εἰπεῖν
1026 1833 1106 1920 πρὸς
1126 1832 1228 1918 osiris
1247 1837 1353 1909 καλοῖς
1366 1848 1402 1910 ,5

264 1937 382 2002 ἐκεῖνον
406 1935 523 2000 εἰδέναι
553 1933 595 2000 τά
623 1938 680 2020 τῆς
706 1941 763 2022 γῆς
789 1939 930 2018 μέταλλα
955 1938 1001 2020 (εἰ
1024 1933 1069 2019 μὴ
1094 1935 1156 2018 γάρ
1181 1937 1275 1999 τοῦτο
1295 1925 1352 2016 ἢν,

266 2029 325 2102 σύν
355 2029 395 2100 άν
422 2035 476 2100 τάν
497 2032 618 2120 τυφλὸν
647 2038 765 2102 ἐκεῖνον
783 2035 1001 2120 οἰμμάτοοσε),
1031 2033 1164 2115 οἴδαμεν
1182 2037 1276 2099 τοῦτο
1298 2032 1356 2097 καί

118 2189 124 2200 .
222 2151 224 2158 ’
266 2131 368 2218 ἡμεῖς,
389 2130 470 2200 άλλά
490 2133 548 2218 την
569 2133 720 2219 τοιαύτην
740 2136 851 2222 φήμην
867 2133 950 2218 μετά
970 2139 1034 2201 τοῖν
1052 2131 1167 2215 μύθων
1186 2127 1355 2213 ἐτάξαμεν.

267 2233 424 2302 άδύνατον
451 2232 514 2320 γάρ
543 2235 584 2320 τῇ
603 2236 805 2323 Μαγδαληνῇ
825 2233 999 2319 ε’ντυχύντο
1018 2237 1050 2301 Γ
1048 2233 1177 2319 αληνύν,
1200 2229 1244 2308 εἰς
1271 2235 1353 2299 διιεῖ-

343 2448 382 2490 ιι.
399 2431 471 2504 μῖιι
489 2449 524 2486 en
541 2434 664 2504 μὴπυςῖ
736 2440 739 2448 '

271 2621 382 2672 aiebant
405 2618 508 2670 domini
532 2635 628 2690 corpur
651 2621 679 2680 in
704 2621 828 2691 sepulcro
852 2621 999 2674 resolutum
1022 2623 1051 2674 ln
1073 2621 1207 2674 clementa
1225 2623 1354 2688 qussttuor

272 2707 339 2753 esse,
357 2689 391 2740 sle
408 2689 507 2760 quibus
527 2698 555 2742 et
571 2691 744 2744 constitisset.
774 2701 909 2744 caeterum
926 2693 1012 2744 mults
1039 2690 1088 2743 ttls
1110 2697 1280 2752 sanctorum,
1304 2690 1354 2760 qui

270 2761 496 2825 obslormivemnt,
514 2775 626 2830 corpora
644 2762 812 2832 potissimum
829 2763 926 2814 iccirco
944 2770 1162 2825 resurrexerunt,
1187 2769 1219 2812 ut
1235 2775 1285 2829 per
1301 2759 1356 2812 bon

271 2833 359 2900 ipsum
377 2829 530 2900 prodigium
553 2831 663 2902 publice
681 2833 864 2885 declararetur
886 2833 967 2885 derum
986 2835 1064 2884 illum
1082 2849 1141 2885 esse
1161 2834 1283 2901 quitum
1304 2848 1356 2900 pa·

270 2901 408 2967 tiebatur3
435 2917 466 2952 uo
493 2899 587 2954 eudem
613 2920 695 2972 opera
721 2904 848 2971 mysterio
866 2902 901 2955 de
917 2913 1052 2974 postrema
1069 2912 1098 2956 et
1112 2903 1247 2954 cornmuni
1265 2918 1355 2953 rerur-

272 2974 392 3026 rectione
416 2971 569 3024 mortalium
592 2973 659 3025 ildes
686 2976 890 3039 conciliaretur,
917 2983 950 3026 ut
974 2975 1116 3028 manifeste
1139 2973 1257 3042 denique
1276 2973 1357 3023 fleret

273 3059 365 3094 earum
392 3043 537 3094 animarum
562 3043 689 3097 liberatio
715 3046 797 3097 simul
820 3054 849 3097 et
871 3045 990 3110 reditus,
1007 3047 1036 3097 in
1056 3061 1119 3096 orco
1138 3045 1267 3095 detentae
1282 3057 1357 3112 quse

247 3113 387 3190 ⁴,suessent
412 3112 511 3166 etenim
539 3115 644 3166 animae
672 3131 741 3188 quae
767 3115 802 3166 ad
821 3115 956 3168 Christum
982 3118 1018 3168 sd
1038 3131 1128 3168 orcsun
1147 3113 1358 3166 descendentem

271 3184 461 3248 crediderunt,
477 3201 539 3236 mos
560 3184 683 3238 dimissae
712 3186 899 3257 liberatusque
922 3197 993 3239 sunt
1029 3196 1057 3239 et
1078 3186 1206 3256 quoniam
1222 3183 1283 3235 steri
1299 3196 1359 3235 nou

272 3263 381 3325 poterut
399 3262 431 3306 ut
446 3257 550 3307 auuuue
562 3256 650 3309 nudae
670 3257 817 3310 sensilibus
834 3258 921 3309 oculis
933 3259 1162 3327 conspicerentur,
1182 3255 1276 3308 divino
1286 3270 1360 3324 qno-

274 3326 337 3376 dum
355 3325 467 3378 consilio
489 3335 639 3378 sauctorum
659 3327 767 3380 illorum
787 3328 936 3392 hominum,
953 3330 1002 3398 qui
1020 3327 1231 3387 obdormierant,
1250 3325 1360 3376 animae

275 3413 336 3448 cum
354 3394 419 3466 ipsis
436 3397 593 3466 corporibus
613 3408 803 3467 apparuerunt,
822 3407 854 3450 ut
870 3397 938 3450 fides
956 3399 1072 3470 amplior
1089 3405 1175 3464 esset3
1200 3393 1358 3466 deindeque

274 3483 364 3518 rursus
382 3466 416 3516 ad
431 3466 491 3520 loca
508 3467 561 3519 sibi
579 3467 713 3520 destinata
734 3469 918 3522 convolarunt

344 3537 415 3588 Cure
432 3544 530 3600 sutem,
548 3536 649 3590 dilecte
670 3539 717 3602 iili,
734 3557 769 3592 ue
788 3540 858 3591 forte
875 3556 924 3609 per
943 3555 975 3590 eu
995 3555 1064 3609 quse
1076 3537 1141 3590 hinc
1157 3537 1221 3589 inde
1233 3536 1360 3588 sabulosa

273 3615 441 3676 sparguntur,
459 3617 506 3659 tun
522 3625 636 3728 ςἹυοιηιια
652 3625 727 3662 mens
745 3619 920 3680 pervertetur.
950 3610 1046 3660 sarnum
1066 3612 1138 3660 enim
1164 3607 1236 3677 opud
1257 3609 1361 3660 multos

275 3677 443 3742 obtinuisse,
466 3693 520 3747 quo
565 3680 686 3731 medicus
711 3680 759 3732 ille
780 3681 900 3733 Galenus
924 3681 953 3730 iu
971 3679 1158 3750 magdalenam
1177 3677 1314 3740 inciderit,
1330 3686 1362 3730 et

274 3747 410 3800 audiverit
425 3765 458 3800 ex
475 3764 506 3799 ea
524 3749 658 3802 Christum
675 3750 810 3820 quendum
835 3769 851 3802 a
873 3751 1017 3802 nativitate
1040 3767 1147 3801 caecum
1168 3765 1294 3812 ιιυεειες
1313 3749 1358 3800 cui

276 3818 396 3871 Galenus
424 3819 592 3888 responderit
616 3835 724 3872 necesse
753 3822 836 3873 fuisse
858 3830 890 3874 ut
907 3821 1029 3873 Christus
1053 3829 1141 3875 terrae
1157 3819 1269 3871 metulla
1286 3819 1361 3872 bene

277 3891 383 3959 cognita
403 3888 535 3952 hebuerit,
554 3891 657 3959 alioqui
670 3892 758 3944 visum
774 3909 853 3944 caeco
867 3894 1009 3944 restituere
1023 3909 1079 3943 non
1092 3892 1221 3961 potuisse.
1241 3889 1295 3941 hoc
1307 3891 1364 3958 igi-

277 3971 321 4012 tur
351 3977 399 4012 uos
422 3977 530 4030 quoque
558 3961 696 4012 novimus:
722 3979 816 4014 rerum
834 3963 967 4014 eiusmodi
995 3978 1128 4014 rsrmorern
1153 3961 1306 4013 fabularum
1334 3963 1366 4011 iu

278 4031 400 4084 ordinem
418 4039 499 4100 utque
516 4047 654 4082 numerum
672 4031 822 4084 referimus.
849 4051 911 4084 nam
929 4035 987 4085 lieri
1003 4044 1110 4104 prorsus
1126 4032 1224 4102 nequit
1240 4041 1273 4083 ut
1288 4033 1367 4100 ipso·

279 4119 338 4164 rum
357 4101 392 4153 de
409 4102 544 4154 sententia
563 4101 682 4154 Galenus
701 4119 761 4155 cum
778 4103 940 4172 Magslolena
960 4106 995 4156 sit
1013 4105 1178 4165 collocutus,
1204 4103 1252 4173 qul
1277 4103 1367 4154 Murci

279 4173 447 4242 imperatoris
468 4173 496 4224 in
521 4174 555 4226 iis
578 4174 730 4228 meminerit
755 4191 827 4244 quae
845 4171 880 4226 ad
899 4176 1024 4229 Pisonem
1043 4174 1215 4247 perscripsit,
1240 4173 1367 4242 itemque
