3000 4859
508 264 719 329 ιιιιιιιιιιυιι
749 268 851 357 naas
883 270 922 328 ιι.
1037 292 1042 299 -
1164 240 1252 353 309

167 416 255 500 ὕδωρ
278 413 408 499 ἔβλυσεν
429 408 579 500 ἄφθονον.
623 412 697 481 ὅθεν
717 418 734 501 ἦ
758 417 888 501 τοιαύτη
910 415 990 502 πηγὴ
1005 421 1102 502 μέχρι
1121 422 1177 484 καί
1197 419 1251 503 τὴ-

165 540 264 601 μερον
281 519 315 581 ἐν
345 525 412 590 τοῖς
433 514 628 599 προαστείοις
647 513 932 595 Ἐλευθεροπόλεως
959 520 1123 601 φαίνεται,
1143 518 1251 602 σιαγό-

165 638 220 691 νος
241 616 494 697 ἐπονομαζομένη
517 610 609 697 πηγή.
654 610 670 675 ό
691 616 750 695 μὲν
778 610 836 676 ola
856 613 1008 697 Ἰώσηπός
1025 640 1123 700 φησιν
1143 640 1190 681 οτι
1211 606 1252 703 τῇ

166 712 266 800 οἰκείρ
288 709 422 795 δυνάμει
443 715 499 775 καί
528 712 566 775 ου’
590 714 632 800 τῷ
654 716 718 799 θεῷ
737 710 795 797 τόν
816 716 900 796 νίκην
924 713 1180 795 ἐπιγραψάμενος
1200 718 1250 779 da-

136 814 269 893 ὅψῆσαι
288 808 368 873 κατά
389 808 469 877 πολὺ
493 809 740 895 συγκεχώρηται.
783 808 864 893 πλὴν
884 806 1062 886 ότοσοῦιος
1081 811 1137 896 τὴν
1156 812 1250 896 ιὀχόυ

164 907 228 971 aiud
259 906 404 991 γυναικὸς
435 912 567 992 κατέστη
596 915 737 991 παίιυιον
766 904 909 991 ὕστερον.
955 910 1034 991 μετά
1062 916 1161 975 ταῦτα
1188 912 1249 995 γάρ

163 1004 307 1093 ἠγάπησε
329 1006 386 1091 τὴν
406 1010 440 1071 εἰι
462 1013 687 1075 Παλαιστιυιόυ
705 1007 856 1086 Διιλιλάν,
878 1006 948 1091 ἥτις
967 1009 1054 1094 παρά
1078 1016 1140 1073 τῶν
1159 1012 1250 1075 άλλο·

164 1104 275 1189 φύλων
304 1108 568 1193 ὃωροφορηθεῖσα
605 1106 695 1189 η”ξίιιυ
731 1104 828 1172 crisin
858 1110 990 1185 ἐξειπεῖν
1024 1108 1105 1195 αὐτῇ
1133 1114 1167 1175 ἐν
1188 1117 1250 1175 σιὐι

163 1204 312 1287 τυγχάνει
335 1206 354 1289 ἦ
379 1206 471 1287 ι’σχός
492 1206 605 1269 odiosi.
626 1205 682 1269 καί
710 1204 744 1283 ὃς
764 1209 986 1289 παρελογιζετο
1006 1213 1064 1289 μὲν
1086 1207 1185 1292 αὐτὴν
1208 1209 1247 1272 τοὶ

115 1308 295 1389 ιυπρῶτα,
327 1308 424 1387 λέγων
459 1302 536 1387 »ἐάν
575 1303 700 1389 clamos
714 1328 754 1387 με
776 1308 810 1369 ἐν
838 1301 917 1368 ἑπτά
938 1304 1340 1389 κληματιόινόγροΐςλ).ι6·ἰ

163 1396 262 1487 ἤγουν
285 1410 430 1487 νευραῖς,
462 1402 622 1487 drosaico,
653 1402 709 1469 καί
734 1402 845 1481 ἔσομαι
874 1404 917 1478 οἷς
948 1400 995 1480 εἷς
1028 1410 1099 1469 auia'
1120 1404 1248 1487 α’νθριό-

162 1506 262 1565 ποον.”
301 1500 356 1565 καί
390 1501 426 1583 dr)
456 1506 599 1583 λαβοῦσα
635 1500 750 1587 νευράς
779 1501 889 1584 ἔδησεν
917 1502 1029 1585 osiris,
1058 1498 1118 1567 εἶθ’
1147 1500 1247 1580 οὕτως

163 1602 295 1686 ἐβόησεν
316 1602 511 1685 ,,α’λλόφυλοι
534 1602 587 1665 ἐπί
607 1604 643 1665 σὲ
660 1600 832 1683 Mamur?
872 1606 928 1666 καί
946 1600 981 1679 ὃς
1002 1602 1141 1679 οἷναστός
1162 1606 1247 1687 ὅίερ-

164 1707 257 1783 ρηξεν
276 1698 384 1775 αὐτάς.
427 1705 697 1783 παραλογισθεῖσα
720 1692 778 1763 οὖν
797 1704 945 1783 ἐνέκειτο,
966 1699 1020 1765 καί
1040 1695 1137 1777 αὖθις
1155 1704 1246 1783 η’ξιόυ

116 1804 281 1879 ιξιμαθεῑν
311 1793 387 1863 ὅθεν
416 1796 436 1881 ἦ
469 1797 562 1880 ι’σχύς
590 1798 688 1885 αότρῖ.
741 1797 798 1862 καί
818 1797 852 1873 ὃς
878 1801 1008 1863 dactus
1027 1799 1124 1883 αὐτὴν
1143 1798 1246 1883 ἔλεγεν

162 1894 243 1980 »ἐάν
263 1892 388 1983 δάσωσί
393 1920 435 1979 με
454 1898 489 1961 ἐν
502 1890 579 1961 ἑπτά
594 1899 760 1971 καλωδίοις
776 1898 933 1974 dusaren,
953 1900 1091 1977 ἐκλείψει
1112 1899 1132 1981 ἦ
1153 1896 1246 1980 ἰσχάς

162 1999 258 2077 μου.”
314 1993 487 2079 ποιησάσης
518 1986 573 2059 οὖν
594 1999 647 2059 καί
667 1998 777 2075 τοῦτο,
798 1994 853 2059 καί
871 1996 1027 2079 βοησάσης
1047 1995 1245 2082 ,,άλλόφυλοι

162 2096 218 2161 ἐπὶ
252 2097 288 2158 οὲ
308 2098 451 2175 Σαμψών
459 2098 487 2176 ,'’
517 2094 676 2178 διέρρηξεν
704 2092 783 2157 αὐτά
808 2098 1005 2177 παραχρῆμα
1028 2096 1062 2157 ἐκ
1080 2097 1141 2158 τεόν
1163 2101 1244 2177 βρα-

161 2190 282 2276 χιόνων
302 2193 412 2259 usitari.
466 2191 560 2257 πάλιν
581 2186 638 2257 osia
670 2186 815 2275 άξιοόσρς
835 2177 939 2276 uv'aric¹
951 2192 1053 2275 ἔλεγεν
1071 2190 1149 2273 υε’άν
1167 2193 1271 2265 aorici}

113 2290 244 2361 acinco
270 2294 465 2375 βοστρύχους
493 2296 547 2377 τῆς
580 2295 719 2377 κεφαλῆς
743 2315 807 2371 μου
827 2295 996 2365 διεστῶτας
1026 2284 1079 2353 άπ’
1099 2289 1282 2373 άλλὴλωνλΙ.
1296 2300 1344 2355 128

163 2390 219 2457 ε’πί
236 2389 407 2457 πασσάλων
426 2387 558 2479 ἐκόὴσῃς
577 2392 631 2455 καί
650 2390 703 2457 ἐπὶ
719 2392 775 2456 τοῦ
794 2390 902 2475 τοίχου
924 2388 1123 2479 προσπήξχς,
1144 2388 1242 2455 dotc-

163 2682 277 2735 solstur·
298 2682 399 2751 quippe
418 2682 453 2734 de
470 2683 587 2747 maxilla,
606 2700 686 2754 quam
709 2668 853 2748 abiecerat,
868 2685 963 2753 ingens
981 2700 1067 2755 aquae
1085 2682 1162 2751 copia
1180 2699 1245 2753 pro-

161 2752 291 2805 manavit.
310 2762 392 2823 atque
411 2752 456 2805 bic
474 2752 535 2806 lons
553 2756 582 2805 in
603 2753 763 2807 hodiernum
782 2770 867 2825 usque
888 2755 962 2807 diem
978 2756 1008 2807 in
1027 2752 1246 2821 Eleutheropolis

162 2822 294 2875 suburbio
321 2824 487 2892 conspicitur
514 2833 542 2875 et
562 2824 633 2877 Fons
659 2827 786 2877 maxillae
805 2833 984 2894 nuncupatur.
1010 2833 1094 2893 atque
1112 2824 1164 2875 hoc
1183 2823 1245 2873 loco

161 2891 293 2961 Iosephus
311 2894 365 2955 ait,
384 2893 458 2962 quod
476 2895 530 2946 anis
551 2895 660 2957 viribus,
677 2914 731 2948 non
749 2896 801 2947 deo
819 2897 957 2949 victoriam
974 2904 1111 2963 acceptam
1129 2894 1246 2956 tulisset,

162 2972 238 3015 tanta
255 2963 302 3013 siti
322 2978 379 3014 esso
390 2972 522 3015 vexatum.
541 2964 590 3015 sed
608 2966 679 3017 enim
698 2966 827 3018 tantoris
844 2974 984 3035 praestans
1001 2963 1097 3016 robore
1115 2962 1245 3032 deinceps

162 3034 245 3083 unius
272 3034 447 3086 mulierculae
477 3050 559 3103 opera
579 3037 682 3087 cunctis
697 3052 726 3088 se
745 3033 922 3087 deridendum
940 3034 1075 3105 praebuit
1091 3050 1153 3085 nana
1170 3031 1244 3084 haud

161 3103 250 3154 multo
269 3112 331 3171 post
348 3120 440 3155 amoro
457 3104 563 3157 Dalilae
587 3106 757 3158 Palaestinae
774 3114 867 3173 captus
889 3114 946 3167 est,
969 3121 1040 3173 quoe
1059 3103 1094 3155 ab
1114 3103 1246 3172 alienige·

161 3174 206 3224 nis
224 3172 381 3225 maneribus
411 3184 535 3244 corrupta
553 3176 663 3245 petebat
682 3175 716 3226 ab
742 3193 777 3227 eo
794 3184 825 3226 ut
841 3175 892 3225 sibi
913 3175 1059 3237 fateretur,
1079 3189 1196 3242 quonam
1214 3174 1245 3224 in

162 3242 284 3294 membro
315 3246 397 3295 situm
415 3243 496 3296 robur
517 3246 585 3296 illud
602 3246 722 3297 baberet.
749 3255 807 3297 tum
825 3245 872 3296 ille
889 3244 1029 3295 mulierem
1047 3244 1128 3294 initio
1146 3244 1246 3295 fallens

162 3314 206 3377 „si
223 3328 266 3364 me
284 3314 325 3365 tui
343 3316 569 3367 constrinxerint''
585 3316 625 3367 ait
641 3326 764 3435 „septem
783 3316 871 3365 nervis
890 3314 1028 3377 humidis,
1045 3315 1116 3365 vires
1134 3330 1177 3365 me
1196 3314 1246 3363 ‹le-

162 3385 293 3447 stituent‚
313 3384 462 3454 similisque
480 3386 594 3437 caeteris
606 3394 690 3437 morta
704 3385 765 3436 ibus
783 3386 854 3436 ero.''
873 3386 921 3435 illa
941 3400 1004 3435 vero
1025 3384 1138 3453 sumptis
1156 3384 1246 3433 uersis

162 3454 301 3505 hominem
321 3456 495 3517 constrinxit,
516 3474 547 3507 ac
575 3456 673 3507 deinde
691 3457 834 3506 clamorem
852 3456 943 3507 verbis
964 3455 1039 3505 bisce
1058 3455 1170 3505 sustulit
1187 3454 1246 3521 (lu-

162 3524 214 3575 dic.
238 3526 271 3575 16
286 3528 314 3594 9)
341 3525 528 3593 „alienigenas
547 3535 574 3577 te
592 3526 739 3588 invadunt,
759 3527 876 3577 Samso,''
895 3525 993 3594 quibus
1010 3522 1111 3575 auditis
1129 3525 1247 3575 surrexit

162 3602 192 3646 et
211 3610 307 3646 uersos
325 3594 459 3647 laceravit.
478 3605 642 3666 quapropter
660 3596 707 3647 illu
726 3596 840 3665 decepta
858 3612 949 3646 rursus
965 3594 1101 3645 bominem
1120 3592 1246 3663 precibus

161 3682 275 3733 urgere,
301 3667 424 3733 scireque
446 3682 543 3735 cupere
564 3682 697 3735 quaenam
720 3674 792 3718 esset
811 3666 886 3717 illius
905 3665 1008 3715 roboris
1027 3681 1116 3715 causa.
1153 3664 1246 3715 Samso

160 3744 254 3785 contra
272 3734 399 3787 seminam
417 3736 526 3800 fallere,
546 3752 577 3786 ac
594 3737 711 3788 vicissim
737 3736 841 3797 dicere,
858 3736 882 3786 si
898 3752 928 3787 se
949 3734 1060 3786 funibus
1081 3742 1185 3802 septem
1203 3750 1247 3783 re-

160 3804 286 3856 centibus
308 3812 336 3857 ct
353 3806 457 3857 nullum
477 3806 513 3857 ad
532 3824 607 3858 usum
622 3805 755 3857 adhibitis
773 3805 948 3873 colligarent,
965 3806 1035 3857 vires
1052 3820 1114 3854 snas
1134 3805 1245 3855 omnino

160 3874 322 3926 deiecturus.
339 3894 398 3927 cum
416 3875 469 3927 boc
486 3878 566 3929 etiarn
585 3876 632 3928 illa
650 3875 759 3928 iecisset
771 3886 800 3928 ct
815 3876 988 3927 inclamasset
1009 3874 1196 3941 „alienigenae
1215 3881 1246 3923 te

160 3944 305 4008 invadunt,
323 3946 447 4009 Samso‚”
464 3962 527 3998 mox
548 3948 626 3998 lanes
643 3946 800 4016 discerpsit,
826 3946 925 4015 quibus
944 3928 1100 3995 erant'eius
1118 3944 1245 4007 colligata

159 4016 278 4067 brachia.
297 4032 358 4067 cum
377 4034 466 4068 rursus
484 4018 565 4084 igitur
591 4016 662 4069 idern
680 4033 713 4069 es
731 4033 764 4067 eo
781 4025 934 4086 quaereret,
953 4014 1109 4081 respondit,
1127 4014 1150 4063 si
1171 4013 1243 4077 rapi·

160 4086 196 4137 tis
214 4086 255 4137 sui
275 4086 415 4138 cincinnos
432 4086 532 4138 divisos
548 4088 629 4139 clavis
648 4089 771 4156 alligaret
789 4104 820 4138 ac
842 4086 938 4155 parieti
958 4085 1104 4149 adfigent,
1124 4082 1244 4133 debilem

161 4172 190 4207 ss
208 4156 327 4211 futurum
345 4156 513 4228 reliquisque
526 4158 682 4211 mortalibus
701 4158 877 4212 consimilem.
893 4172 986 4209 serum
1003 4168 1039 4207 nc
1056 4163 1113 4205 tuin
1133 4152 1244 4222 quidem
