3000 4859
281 283 333 384 st
610 306 831 372 ιιιοιιιιιιο
859 308 1025 375 σιιαιιι

275 463 451 549 γενομένης,
473 458 571 543 πολλὴ
592 459 759 544 ναπνοόόης
779 460 998 543 άναθυμιλισις
1016 462 1220 547 άναόιθοται,
1239 468 1294 533 κατ’
1313 470 1368 535 tui

211 564 367 645 Ρ.ητοότο
387 557 527 646 σφοδροὶ
549 554 659 643 όνεμοι
676 563 835 643 γίνονται,
856 556 876 623 ό
894 586 931 627 τε
949 568 1071 650 βορρᾶς
1090 568 1147 630 καί
1164 563 1184 629 ό
1203 565 1303 644 νότος.
1335 570 1371 634 όν

275 666 313 727 δὲ
334 669 399 735 τοῖς
421 655 615 734 άνατολιιιοῖς
644 663 700 725 καί
719 662 859 737 όυτιιιοῖς
879 664 1015 748 χωρίοις
1032 661 1218 746 ιιινοόμενος
1241 664 1259 729 ό
1281 664 1371 751 ἥλιος

273 755 332 826 οόιι
352 761 391 847 ἑᾷ
410 762 508 840 ψῦξιν
545 760 693 841 γενέσθαι
719 756 855 844 πολλήν,
879 766 936 827 ιιαί
971 760 1028 828 ded
1053 767 1148 829 τοότο
1175 758 1251 829 οὔτε
1269 766 1370 843 πολάς

272 857 365 935 όετός
384 862 503 943 γίνεται
524 852 599 923 orire
620 857 721 944 πολλῆ
745 858 767 943 ἦ
788 858 957 946 ταπνιόόης
976 861 1216 947 άναθομιλισις,
1236 861 1398 951 destricti

272 963 330 1043 γῆς
356 956 402 1043 μὴ
441 958 698 1043 όιαβρεχομένης.
753 956 848 1024 ἔνθεν
866 981 918 1025 τοι
942 958 1000 1027 καὶ
1017 962 1058 1027 ου’
1077 965 1216 1050 σφοόροὶ
1229 968 1370 1047 γίιιονται

213 1090 217 1101 ’
273 1054 398 1142 άνεμοι.
439 1054 518 1123 α’λλά
538 1055 595 1121 καί
613 1054 735 1139 ἐτήσιοι
754 1055 878 1144 βόρειοι
897 1052 1010 1143 όνεμοι
1029 1064 1168 1147 γιλιονται
1189 1069 1266 1144 μεθ’
1290 1066 1370 1149 ἧμό·
1432 1141 1437 1151 ι

275 1182 336 1243 ρας
356 1156 454 1223 εἴκοσι
472 1160 528 1241 τῆς
548 1160 678 1242 θερινῆς
691 1159 822 1243 τροπῆς,
841 1157 924 1240 μετά
942 1158 1002 1246 τὴν
1019 1164 1080 1227 τοῦ
1099 1164 1279 1249 νυνάοτρου
1299 1167 1370 1229 ἐπι-

245 1256 379 1343 Βτολὴν.
430 1258 604 1341 τηνικαῦτα
632 1254 695 1341 γάρ
725 1258 784 1340 τῆς
803 1256 916 1340 χιόνος
935 1264 1092 1345 λυομένης
1111 1252 1213 1347 αάραι
1228 1264 1369 1347 μ’νονται

273 1356 403 1443 ψυχραὶ
431 1353 562 1441 βόρειοι.
612 1358 669 1419 ιιαί
688 1354 804 1421 τοότου
833 1353 933 1442 χάριν
953 1358 985 1425 οἱ
1007 1362 1237 1448 διαληφθέντες
1255 1356 1366 1447 όνεμοι
1380 1386 1417 1427 ιο

273 1460 318 1545 τῷ
347 1458 450 1545 ιιαιρρῖ
478 1452 580 1542 τούτῳ
609 1456 683 1519 καθ’
700 1453 835 1525 ἕκαστον
855 1453 927 1533 ἔτος
955 1457 1156 1547 ἀπάρχονται
1172 1470 1272 1529 πνεῖν.
1314 1464 1371 1530 sud

208 1559 351 1641 ιισπερί
369 1557 428 1635 μὲν
456 1548 580 1619 τούτων
608 1544 729 1629 οὕτως·
772 1547 890 1637 ἄνεμον
910 1558 947 1621 dd
969 1565 1045 1645 παρ’
1063 1558 1192 1650 Ὁμήριρ
1212 1564 1370 1646 καλοόμε-

273 1679 327 1721 νον
347 1650 488 1719 θόιλλαν
513 1646 530 1715 ό
554 1651 773 1737 Ἀριστοτέλης
796 1656 930 1740 τυφῶνα
950 1665 1056 1739 καλεῖ,
1080 1658 1133 1723 dui
1157 1660 1193 1726 τό
1215 1659 1301 1745 παχό
1322 1657 1369 1728 el·

273 1779 327 1821 ναι
346 1751 380 1819 τό
403 1755 527 1831 πνεῦμα
545 1748 601 1815 xus*
619 1749 718 1818 οἷονεί
736 1748 868 1818 τύπτειν
887 1757 927 1840 τῇ
947 1759 1039 1844 φωνῇ
1050 1755 1086 1822 τό
1103 1759 1296 1843 παρατυχόν.
1316 1763 1369 1827 αι’·

272 1853 326 1919 τιἀ
350 1856 386 1919 δὲ
419 1852 478 1916 τοῦ
498 1848 645 1915 τοιοότοο
673 1851 794 1933 α’νόμου
818 1851 913 1933 άτμός
933 1866 1054 1937 παχεῖα
1074 1850 1200 1925 άνωθεν
1219 1858 1283 1923 α’πό
1302 1862 1417 1929 τῶνιό

241 1955 377 2040 cisonii
399 1953 583 2039 φερομένη,
611 1948 675 2016 εἴτε
696 1948 776 2017 κατά
799 1952 857 2035 γῆς
887 1949 951 2019 εἴτε
979 1953 1061 2020 κατὰ
1083 1958 1267 2043 θαλάσσης,
1295 1956 1368 2044 ἥτις

269 2046 509 2140 προσπταόουσά
529 2075 590 2116 τινι
617 2048 781 2139 άντιτόπιρ
802 2053 929 2134 σοόματι
952 2053 1170 2121 άναπάλλεται
1190 2060 1237 2134 εἰς
1256 2060 1368 2125 cosini·

270 2178 337 2235 σω,
359 2150 430 2217 ἐπεὶ
448 2152 484 2216 δὲ
506 2148 542 2214 τό
567 2150 829 2232 α’ναπαλλόμενον
850 2148 1005 2219 νωλάιται
1028 2157 1074 2231 εἰς
1090 2150 1233 2222 τοόπόοω
1250 2167 1369 2241 χωρεῖν

269 2250 333 2319 όπό
354 2255 414 2319 τοῦ
436 2241 571 2317 όπιοθεν
591 2251 893 2335 ἐπακολουθοῦντος,
915 2252 970 2319 ε’πί
989 2252 1029 2319 τά
1049 2255 1168 2338 πλάγια
1188 2259 1368 2340 όιαιιλόται,

270 2346 339 2418 εἶτα
369 2352 493 2432 νάκεῖσε
529 2345 689 2437 άντιτόπιρ
714 2349 940 2435 ουναντήοασα
973 2348 1070 2417 πάλιν
1093 2354 1416 2440 όιασιιορπιζεται,το

269 2450 327 2517 καὶ
351 2453 471 2535 γίνεται
499 2445 635 2535 ὲλιξίτης
665 2447 831 2535 συστροφὴ
867 2451 927 2517 τοό
954 2452 1100 2538 α’νόμου,
1130 2457 1368 2540 μετεωριζουσο

269 2550 324 2619 sui
343 2547 407 2617 α’πό
436 2552 494 2633 γῆς
529 2547 585 2613 καὶ
612 2545 676 2613 άπό
705 2546 869 2635 θαλάσσης
899 2546 941 2615 τά
973 2550 1198 2639 παρατυχόντα
1218 2553 1365 2639 σάματα.

339 2743 383 2779 αι.
400 2722 537 2788 disticte?

270 2866 425 2939 dequibus
444 2862 538 2934 aquilo
558 2867 587 2914 et
602 2867 706 2925 auster,
732 2861 809 2914 venti
825 2861 907 2931 longe
923 2861 1157 2918 vehementissimi
1176 2868 1331 2938 gignuntur.
1349 2888 1366 2925 e

268 2938 376 2993 diverso
404 2952 465 2989 cum
489 2936 520 2986 in
542 2932 610 2985 locis
637 2932 826 2984 Orientalibus
861 2942 890 2987 et
910 2932 1137 2989 Occidentsiibus
1161 2949 1297 3009 perpetuo
1322 2942 1367 2995 soi

266 3016 427 3072 moveatur,
455 3022 580 3075 inagnum
601 3004 663 3056 istic
681 3003 765 3072 frigus
795 3004 862 3055 oriri
883 3021 940 3056 non
957 3008 1067 3074 petitur.
1088 3024 1144 3078 qne
1164 3009 1199 3061 de
1217 3028 1296 3063 censu
1313 3030 1366 3065 nee

266 3082 425 3151 frequentes
443 3078 485 3131 ibi
506 3076 616 3146 pluviae
634 3083 715 3139 sunt,
736 3090 788 3127 nec
802 3076 1010 3145 evaporationes
1027 3078 1098 3131 istue
1115 3080 1192 3131 sumo
1210 3084 1367 3137 consimiles

267 3152 437 3214 excitantur,
451 3149 583 3218 cumipse
599 3146 679 3198 etiam
697 3154 769 3199 terre
783 3162 839 3200 nou
854 3144 1001 3199 admodum
1016 3149 1053 3201 sit
1069 3150 1178 3219 irrigua.
1197 3151 1271 3202 unde
1284 3154 1366 3224 sequi

266 3221 458 3275 animadvertis
486 3236 542 3271 non
559 3234 633 3271 acres
651 3218 853 3287 impetuosoeve
869 3226 965 3270 ventos
985 3220 1050 3271 inde
1070 3221 1221 3290 provenire.
1241 3232 1367 3291 praeter.

266 3310 299 3345 es
328 3292 404 3349 venti
426 3290 539 3362 quidum
568 3288 763 3352 anniversarii,
792 3304 861 3358 quos
879 3290 978 3341 etesius
995 3291 1151 3374 appellunt,
1171 3291 1248 3360 iique
1267 3294 1366 3347 boreu-

266 3364 324 3428 λιι,
343 3362 441 3415 diebus
469 3360 504 3413 eb
523 3362 626 3413 aestive
656 3360 721 3413 solis
742 3361 921 3411 conversione
939 3360 1056 3429 viginti,
1085 3360 1137 3413 sub
1155 3364 1247 3414 cnnini
1265 3366 1364 3419 sideris

267 3444 359 3487 ortum
378 3435 494 3486 existere
511 3432 610 3485 solent.
628 3447 691 3483 nam
711 3446 773 3483 cum
790 3429 821 3481 id
837 3431 969 3500 temporis
987 3432 1064 3483 nives
1082 3431 1298 3502 colliquescunt,
1315 3454 1366 3488 uu·

267 3520 316 3558 ree
336 3505 470 3579 quaedam
488 3503 602 3573 frigidae
631 3518 663 3554 ec
681 3501 808 3555 boreales
828 3500 991 3554 efficiuntur.
1010 3516 1081 3572 quae
1102 3518 1182 3555 causa
1200 3514 1244 3558 est
1259 3516 1292 3560 ut
1306 3515 1365 3561 turn

266 3578 355 3641 venti,
421 3592 451 3628 os
479 3574 675 3638 indicavimus,
700 3575 768 3627 flere
797 3572 913 3641 singuiis
933 3573 1013 3625 annis
1031 3573 1086 3625 inci
1108 3574 1173 3627 ient
1194 3584 1223 3628 at
1244 3594 1279 3629 ue
1296 3578 1365 3630 isaeo

267 3648 303 3701 de
321 3648 365 3699 his
383 3594 458 3699 quirem
474 3652 564 3698 sunto.
582 3652 719 3698 caeterum
745 3652 857 3696 venturu
875 3643 956 3695 iilum
974 3660 1057 3713 quern
1109 3645 1211 3711 yellam
1256 3666 1365 3701 omerus

266 3720 405 3789 appellat,
431 3716 593 3787 Typhonem
620 3725 700 3773 vocat
717 3714 896 3779 Aristoteles,
907 3713 1015 3785 (Latini
1033 3714 1201 3790 turbinem),
1219 3729 1365 3789 propterea

267 3790 342 3859 qnod
359 3790 439 3841 fletus
459 3788 518 3857 ipse
545 3804 648 3840 crassus
669 3788 718 3853 sit,
739 3786 874 3855 quasique
899 3802 968 3836 sono
983 3802 1033 3837 suo
1051 3786 1178 3841 verberet
1194 3788 1224 3841 id
1241 3790 1271 3843 in
1288 3790 1365 3860 quod

265 3860 373 3913 incidit.
392 3861 452 3913 eius
476 3858 551 3913 senti
570 3866 712 3913 causaest
738 3874 825 3926 vapor
844 3854 956 3926 quidem
976 3873 1105 3924 crassus,
1124 3876 1230 3911 sursum
1249 3878 1265 3911 e
1281 3863 1365 3915 nubi.

265 3930 318 3983 bus
344 3930 470 3993 delatus,
496 3932 552 3984 sive
576 3929 629 3983 hoc
660 3937 731 3982 terte
750 3928 801 3979 fiat
831 3928 888 3979 sive
909 3927 994 3993 mesi,
1020 3930 1071 3998 qui
1094 3930 1207 4001 quidem
1231 3948 1318 4001 sopor
1334 3933 1365 3986 in

266 4018 364 4073 corpus
390 4002 505 4071 aliquod
523 4001 642 4054 solidum
670 4010 698 4053 et
716 3998 853 4053 obsistens
880 3997 969 4050 illisus
986 4008 1061 4051 retro
1081 4009 1234 4073 torquetur.
1252 4005 1365 4073 etquis

266 4073 387 4144 pervim
413 4081 486 4125 retro
505 4082 581 4125 nctus
600 4074 646 4125 hic
665 4088 749 4141 vapor
772 4068 871 4120 cedere
890 4071 1006 4140 nequit,
1024 4071 1178 4126 obsistente
1194 4072 1271 4125 illico
1288 4072 1365 4144 quod

265 4161 283 4195 a
299 4154 376 4213 tergo
396 4144 521 4214 sequitur
538 4152 621 4213 atque
643 4144 776 4203 imminet,
794 4139 894 4191 iccirco
911 4141 998 4195 veluti
1015 4142 1118 4196 fructus
1135 4142 1165 4194 in
1183 4151 1365 4197 troumrsnus

267 4217 364 4283 egitur.
391 4212 440 4267 ubi
465 4216 600 4268 coutimiii
615 4212 698 4267 inodo
723 4219 853 4283 exceptus
872 4228 887 4264 τ
905 4230 1020 4285 corpore
1046 4215 1179 4287 quopiam
1198 4214 1290 4268 solido
1307 4234 1368 4270 τιιτ-
