<?xml version="1.0" encoding="UTF-8"?>
<!DOCTYPE html PUBLIC "-//W3C//DTD XHTML 1.0 Transitional//EN"
    "http://www.w3.org/TR/xhtml1/DTD/xhtml1-transitional.dtd">
<html xmlns="http://www.w3.org/1999/xhtml" xml:lang="en" lang="en">
 <head>
  <title>
</title>
<meta http-equiv="Content-Type" content="text/html;charset=utf-8" />
  <meta name='ocr-system' content='tesseract 3.04.00' />
  <meta name='ocr-capabilities' content='ocr_page ocr_carea ocr_par ocr_line ocrx_word'/>
</head>
<body>
  <div class='ocr_page' id='page_1' title='image "./michaelisglycae02glycgoog/michaelisglycae02glycgoog_0679.png"; bbox 0 0 3000 4859; ppageno 0'>
   <div class='ocr_carea' id='block_1_1' title="bbox 507 294 1232 402">
    <p class='ocr_par' dir='ltr' id='par_1_1' title="bbox 507 294 1232 402">
     <span class='ocr_line' id='line_1_1' title="bbox 507 294 1232 402; baseline -0.008 -21"><span class='ocrx_word' id='word_1_1' title='bbox 507 313 722 381; x_wconf 75' lang='grc' dir='ltr'><strong><em>ααιιιιιυιι</em></strong></span> <span class='ocrx_word' id='word_1_2' title='bbox 749 315 852 382; x_wconf 76' lang='lat' dir='ltr'><strong>rsus</strong></span> <span class='ocrx_word' id='word_1_3' title='bbox 883 321 937 380; x_wconf 82' lang='grc' dir='ltr'><strong><em>ιτ.</em></strong></span> <span class='ocrx_word' id='word_1_4' title='bbox 1146 294 1232 402; x_wconf 79' lang='lat'><strong>619</strong></span> 
     </span>
    </p>
   </div>
   <div class='ocr_carea' id='block_1_2' title="bbox 106 458 1337 2435">
    <p class='ocr_par' dir='ltr' id='par_1_2' title="bbox 150 458 1235 554">
     <span class='ocr_line' id='line_1_2' title="bbox 150 458 1235 554; baseline 0.002 -24"><span class='ocrx_word' id='word_1_5' title='bbox 150 469 209 530; x_wconf 78' lang='lat' dir='ltr'><strong>seui</strong></span> <span class='ocrx_word' id='word_1_6' title='bbox 227 462 378 550; x_wconf 80' lang='grc' dir='ltr'><strong><em>κηόεστάς</em></strong></span> <span class='ocrx_word' id='word_1_7' title='bbox 397 458 482 547; x_wconf 74' lang='grc' dir='ltr'><strong><em>εἶχεν</em></strong></span> <span class='ocrx_word' id='word_1_8' title='bbox 501 465 553 530; x_wconf 78' lang='lat' dir='ltr'><strong>in’</strong></span> <span class='ocrx_word' id='word_1_9' title='bbox 573 465 728 551; x_wconf 74' lang='grc' dir='ltr'><strong><em>α’όελφαῖς</em></strong></span> <span class='ocrx_word' id='word_1_10' title='bbox 747 461 804 532; x_wconf 87' lang='grc' dir='ltr'><strong>τόν</strong></span> <span class='ocrx_word' id='word_1_11' title='bbox 822 467 1026 550; x_wconf 83' lang='grc' dir='ltr'><strong><em>Μελισσιμόν</em></strong></span> <span class='ocrx_word' id='word_1_12' title='bbox 1048 469 1235 554; x_wconf 71' lang='grc' dir='ltr'><strong><em>Νικηφόρον</em></strong></span> 
     </span>
    </p>

    <p class='ocr_par' dir='ltr' id='par_1_3' title="bbox 151 561 1233 650">
     <span class='ocr_line' id='line_1_3' title="bbox 151 561 1233 650; baseline 0.001 -22"><span class='ocrx_word' id='word_1_13' title='bbox 151 567 208 628; x_wconf 84' lang='grc' dir='ltr'><strong>καί</strong></span> <span class='ocrx_word' id='word_1_14' title='bbox 234 562 372 647; x_wconf 82' lang='grc' dir='ltr'><strong><em>Μιχαήλ</em></strong></span> <span class='ocrx_word' id='word_1_15' title='bbox 404 561 460 628; x_wconf 86' lang='grc' dir='ltr'><strong>τόν</strong></span> <span class='ocrx_word' id='word_1_16' title='bbox 492 567 658 645; x_wconf 63' lang='lat' dir='ltr'><strong>tamor.</strong></span> <span class='ocrx_word' id='word_1_17' title='bbox 717 561 736 628; x_wconf 85' lang='grc' dir='ltr'><strong><em>ό</em></strong></span> <span class='ocrx_word' id='word_1_18' title='bbox 769 567 877 647; x_wconf 79' lang='grc' dir='ltr'><strong><em>μέντοι</em></strong></span> <span class='ocrx_word' id='word_1_19' title='bbox 909 567 1032 648; x_wconf 76' lang='grc' dir='ltr'><strong><em>κρατῶν</em></strong></span> <span class='ocrx_word' id='word_1_20' title='bbox 1065 566 1233 650; x_wconf 70' lang='grc' dir='ltr'><strong><em>ἐπειδήπερ</em></strong></span> 
     </span>
    </p>

    <p class='ocr_par' dir='ltr' id='par_1_4' title="bbox 152 659 1236 750">
     <span class='ocr_line' id='line_1_4' title="bbox 152 659 1236 750; baseline 0.003 -23"><span class='ocrx_word' id='word_1_21' title='bbox 152 661 298 741; x_wconf 75' lang='grc' dir='ltr'><strong>ἐσπάνιζε</strong></span> <span class='ocrx_word' id='word_1_22' title='bbox 317 659 498 746; x_wconf 75' lang='grc' dir='ltr'><strong><em>χρημάτων,</em></strong></span> <span class='ocrx_word' id='word_1_23' title='bbox 517 659 577 737; x_wconf 80' lang='grc' dir='ltr'><strong>τός</strong></span> <span class='ocrx_word' id='word_1_24' title='bbox 597 664 741 748; x_wconf 87' lang='grc' dir='ltr'><strong><em>ε’τησίους</em></strong></span> <span class='ocrx_word' id='word_1_25' title='bbox 756 661 860 740; x_wconf 84' lang='grc' dir='ltr'><strong><em>όόσεις</em></strong></span> <span class='ocrx_word' id='word_1_26' title='bbox 879 664 1008 744; x_wconf 80' lang='grc' dir='ltr'><strong><em>ένέκοψε</em></strong></span> <span class='ocrx_word' id='word_1_27' title='bbox 1026 661 1083 740; x_wconf 79' lang='grc' dir='ltr'><strong>τός</strong></span> <span class='ocrx_word' id='word_1_28' title='bbox 1103 663 1236 750; x_wconf 84' lang='grc' dir='ltr'><strong><em>οἶνηκοό-</em></strong></span> 
     </span>
    </p>

    <p class='ocr_par' dir='ltr' id='par_1_5' title="bbox 125 757 1269 946">
     <span class='ocr_line' id='line_1_5' title="bbox 152 757 1235 848; baseline 0.002 -22"><span class='ocrx_word' id='word_1_29' title='bbox 152 785 212 836; x_wconf 88' lang='grc' dir='ltr'><strong>σας</strong></span> <span class='ocrx_word' id='word_1_30' title='bbox 226 761 367 845; x_wconf 79' lang='grc' dir='ltr'><strong><em>δηλονότι</em></strong></span> <span class='ocrx_word' id='word_1_31' title='bbox 380 768 446 835; x_wconf 71' lang='grc' dir='ltr'><strong><em>τοῖς</em></strong></span> <span class='ocrx_word' id='word_1_32' title='bbox 464 757 633 842; x_wconf 59' lang='lat' dir='ltr'><strong>serapam,</strong></span> <span class='ocrx_word' id='word_1_33' title='bbox 655 770 890 848; x_wconf 73' lang='grc' dir='ltr'><strong><em>προσαφῃρεῖτο</em></strong></span> <span class='ocrx_word' id='word_1_34' title='bbox 907 764 943 826; x_wconf 80' lang='grc' dir='ltr'><strong>δέ</strong></span> <span class='ocrx_word' id='word_1_35' title='bbox 957 766 1012 828; x_wconf 89' lang='grc' dir='ltr'><strong><em>καί</em></strong></span> <span class='ocrx_word' id='word_1_36' title='bbox 1030 761 1085 838; x_wconf 79' lang='grc' dir='ltr'><strong>τὰς</strong></span> <span class='ocrx_word' id='word_1_37' title='bbox 1107 787 1235 845; x_wconf 87' lang='grc' dir='ltr'><strong><em>περιου-</em></strong></span> 
     </span>
     <span class='ocr_line' id='line_1_6' title="bbox 125 859 1269 946; baseline -0.001 -22"><span class='ocrx_word' id='word_1_38' title='bbox 125 866 225 936; x_wconf 84' lang='grc' dir='ltr'><strong><em>5σιάς</em></strong></span> <span class='ocrx_word' id='word_1_39' title='bbox 250 864 313 924; x_wconf 70' lang='grc' dir='ltr'><strong><em>τοῖν</em></strong></span> <span class='ocrx_word' id='word_1_40' title='bbox 331 862 550 944; x_wconf 72' lang='grc' dir='ltr'><strong><em>συγκλητικῶν.</em></strong></span> <span class='ocrx_word' id='word_1_41' title='bbox 583 859 611 924; x_wconf 65' lang='grc' dir='ltr'><strong>1ό</strong></span> <span class='ocrx_word' id='word_1_42' title='bbox 630 863 738 944; x_wconf 82' lang='grc' dir='ltr'><strong><em>μέντοι</em></strong></span> <span class='ocrx_word' id='word_1_43' title='bbox 765 860 935 944; x_wconf 75' lang='grc' dir='ltr'><strong><em>οἳμιοότατος</em></strong></span> <span class='ocrx_word' id='word_1_44' title='bbox 955 861 1152 946; x_wconf 80' lang='grc' dir='ltr'><strong><em>πατριάρχης</em></strong></span> <span class='ocrx_word' id='word_1_45' title='bbox 1167 867 1269 932; x_wconf 82' lang='grc' dir='ltr'><strong><em>Κο.ι)</em></strong></span> 
     </span>
    </p>

    <p class='ocr_par' dir='ltr' id='par_1_6' title="bbox 151 958 1237 1047">
     <span class='ocr_line' id='line_1_7' title="bbox 151 958 1237 1047; baseline -0.001 -22"><span class='ocrx_word' id='word_1_46' title='bbox 151 963 235 1041; x_wconf 78' lang='grc' dir='ltr'><strong><em>υμᾶς</em></strong></span> <span class='ocrx_word' id='word_1_47' title='bbox 255 962 296 1047; x_wconf 77' lang='grc' dir='ltr'><strong><em>τῇ</em></strong></span> <span class='ocrx_word' id='word_1_48' title='bbox 322 962 387 1024; x_wconf 80' lang='grc' dir='ltr'><strong><em>τεόν</em></strong></span> <span class='ocrx_word' id='word_1_49' title='bbox 413 962 527 1024; x_wconf 83' lang='grc' dir='ltr'><strong><em>κοινοόν</em></strong></span> <span class='ocrx_word' id='word_1_50' title='bbox 544 958 737 1044; x_wconf 73' lang='grc' dir='ltr'><em>πραγμάτων</em></span> <span class='ocrx_word' id='word_1_51' title='bbox 763 965 978 1046; x_wconf 78' lang='grc' dir='ltr'><strong><em>μεταχειρίσει</em></strong></span> <span class='ocrx_word' id='word_1_52' title='bbox 1016 959 1237 1043; x_wconf 79' lang='grc' dir='ltr'><strong><em>α’τιαρεσκόμε.</em></strong></span> 
     </span>
    </p>

    <p class='ocr_par' dir='ltr' id='par_1_7' title="bbox 151 1056 1237 1148">
     <span class='ocr_line' id='line_1_8' title="bbox 151 1056 1237 1148; baseline 0.006 -24"><span class='ocrx_word' id='word_1_53' title='bbox 151 1083 206 1135; x_wconf 91' lang='grc' dir='ltr'><strong>νος</strong></span> <span class='ocrx_word' id='word_1_54' title='bbox 225 1061 281 1124; x_wconf 80' lang='grc' dir='ltr'><strong>καί</strong></span> <span class='ocrx_word' id='word_1_55' title='bbox 299 1057 486 1142; x_wconf 81' lang='grc' dir='ltr'><strong><em>ιίπεγνιοκιός</em></strong></span> <span class='ocrx_word' id='word_1_56' title='bbox 500 1056 556 1143; x_wconf 88' lang='grc' dir='ltr'><strong>τήν</strong></span> <span class='ocrx_word' id='word_1_57' title='bbox 578 1061 759 1143; x_wconf 77' lang='grc' dir='ltr'><strong><em>διόρθωσιν,</em></strong></span> <span class='ocrx_word' id='word_1_58' title='bbox 777 1065 819 1148; x_wconf 75' lang='grc' dir='ltr'><strong><em>τιή</em></strong></span> <span class='ocrx_word' id='word_1_59' title='bbox 839 1059 978 1147; x_wconf 79' lang='grc' dir='ltr'><strong><em>όιιηρέτη</em></strong></span> <span class='ocrx_word' id='word_1_60' title='bbox 992 1056 1120 1145; x_wconf 61' lang='lat' dir='ltr'><strong>¹„sipost”</strong></span> <span class='ocrx_word' id='word_1_61' title='bbox 1140 1059 1237 1130; x_wconf 79' lang='grc' dir='ltr'><strong><em>είτιοόν</em></strong></span> 
     </span>
    </p>

    <p class='ocr_par' dir='ltr' id='par_1_8' title="bbox 151 1156 1236 1244">
     <span class='ocr_line' id='line_1_9' title="bbox 151 1156 1236 1244; baseline 0.001 -20"><span class='ocrx_word' id='word_1_62' title='bbox 151 1156 209 1240; x_wconf 83' lang='lat' dir='ltr'><strong>„sd</strong></span> <span class='ocrx_word' id='word_1_63' title='bbox 228 1159 407 1244; x_wconf 72' lang='grc' dir='ltr'><strong><em>ψαλτήριον</em></strong></span> <span class='ocrx_word' id='word_1_64' title='bbox 426 1157 482 1223; x_wconf 82' lang='grc' dir='ltr'><strong>καί</strong></span> <span class='ocrx_word' id='word_1_65' title='bbox 500 1159 670 1224; x_wconf 72' lang='grc' dir='ltr'><strong><em>α’κσλυόθει</em></strong></span> <span class='ocrx_word' id='word_1_66' title='bbox 690 1182 747 1241; x_wconf 86' lang='grc' dir='ltr'><strong>μοι</strong></span> <span class='ocrx_word' id='word_1_67' title='bbox 759 1163 791 1238; x_wconf 85' lang='lat'><strong>‚&#39;&#39;</strong></span> <span class='ocrx_word' id='word_1_68' title='bbox 809 1161 865 1244; x_wconf 82' lang='grc' dir='ltr'><strong>τής</strong></span> <span class='ocrx_word' id='word_1_69' title='bbox 881 1159 1046 1243; x_wconf 73' lang='grc' dir='ltr'><strong><em>ἐκκλησίας</em></strong></span> <span class='ocrx_word' id='word_1_70' title='bbox 1064 1163 1236 1244; x_wconf 82' lang='grc' dir='ltr'><strong><em>αὐαχοορεῖ.</em></strong></span> 
     </span>
    </p>

    <p class='ocr_par' dir='ltr' id='par_1_9' title="bbox 109 1250 1237 1446">
     <span class='ocr_line' id='line_1_10' title="bbox 152 1250 1237 1346; baseline 0.001 -25"><span class='ocrx_word' id='word_1_71' title='bbox 152 1260 387 1341; x_wconf 86' lang='grc' dir='ltr'><strong><em>προχειρίζεται</em></strong></span> <span class='ocrx_word' id='word_1_72' title='bbox 408 1259 445 1323; x_wconf 78' lang='grc' dir='ltr'><strong>δέ</strong></span> <span class='ocrx_word' id='word_1_73' title='bbox 467 1250 533 1323; x_wconf 69' lang='grc' dir='ltr'><strong><em>α’ντ*</em></strong></span> <span class='ocrx_word' id='word_1_74' title='bbox 555 1252 657 1324; x_wconf 70' lang='lat' dir='ltr'><strong>sirm</strong></span> <span class='ocrx_word' id='word_1_75' title='bbox 676 1259 824 1340; x_wconf 68' lang='lat' dir='ltr'><strong>inrepsisse</strong></span> <span class='ocrx_word' id='word_1_76' title='bbox 841 1283 889 1334; x_wconf 91' lang='grc' dir='ltr'><strong>τις</strong></span> <span class='ocrx_word' id='word_1_77' title='bbox 914 1256 1127 1344; x_wconf 84' lang='grc' dir='ltr'><strong><em>Εόστρότιος,</em></strong></span> <span class='ocrx_word' id='word_1_78' title='bbox 1157 1262 1237 1346; x_wconf 82' lang='grc' dir='ltr'><strong><em>α’φε-</em></strong></span> 
     </span>
     <span class='ocr_line' id='line_1_11' title="bbox 109 1354 1236 1446; baseline 0 -22"><span class='ocrx_word' id='word_1_79' title='bbox 109 1354 211 1440; x_wconf 85' lang='grc' dir='ltr'><strong><em>τολής</em></strong></span> <span class='ocrx_word' id='word_1_80' title='bbox 226 1355 307 1440; x_wconf 83' lang='grc' dir='ltr'><strong><em>α’νήρ</em></strong></span> <span class='ocrx_word' id='word_1_81' title='bbox 328 1357 384 1420; x_wconf 82' lang='grc' dir='ltr'><strong>καί</strong></span> <span class='ocrx_word' id='word_1_82' title='bbox 409 1367 522 1446; x_wconf 78' lang='grc' dir='ltr'><strong><em>χοννιηι</em></strong></span> <span class='ocrx_word' id='word_1_83' title='bbox 540 1356 581 1421; x_wconf 82' lang='grc' dir='ltr'><strong><em>τό</em></strong></span> <span class='ocrx_word' id='word_1_84' title='bbox 602 1355 743 1437; x_wconf 76' lang='grc' dir='ltr'><strong><em>μάλιστα</em></strong></span> <span class='ocrx_word' id='word_1_85' title='bbox 764 1356 939 1443; x_wconf 79' lang='grc' dir='ltr'><strong><em>προσήκων.</em></strong></span> <span class='ocrx_word' id='word_1_86' title='bbox 981 1355 1060 1438; x_wconf 75' lang='grc' dir='ltr'><strong><em>μετὰ</em></strong></span> <span class='ocrx_word' id='word_1_87' title='bbox 1082 1361 1116 1424; x_wconf 80' lang='grc' dir='ltr'><strong>δὲ</strong></span> <span class='ocrx_word' id='word_1_88' title='bbox 1138 1355 1190 1442; x_wconf 81' lang='grc' dir='ltr'><strong><em>ἔτη</em></strong></span> <span class='ocrx_word' id='word_1_89' title='bbox 1210 1356 1236 1444; x_wconf 77' lang='grc' dir='ltr'><strong>γ’</strong></span> 
     </span>
    </p>

    <p class='ocr_par' dir='ltr' id='par_1_10' title="bbox 153 1449 1237 1540">
     <span class='ocr_line' id='line_1_12' title="bbox 153 1449 1237 1540; baseline 0.004 -22"><span class='ocrx_word' id='word_1_90' title='bbox 153 1455 326 1538; x_wconf 73' lang='grc' dir='ltr'><strong><em>κατάγειοι</em></strong></span> <span class='ocrx_word' id='word_1_91' title='bbox 345 1454 400 1519; x_wconf 84' lang='grc' dir='ltr'><strong>καί</strong></span> <span class='ocrx_word' id='word_1_92' title='bbox 419 1449 516 1521; x_wconf 68' lang='lat' dir='ltr'><strong>decor.</strong></span> <span class='ocrx_word' id='word_1_93' title='bbox 558 1452 634 1538; x_wconf 77' lang='grc' dir='ltr'><strong>ἡδὲ</strong></span> <span class='ocrx_word' id='word_1_94' title='bbox 656 1457 744 1524; x_wconf 84' lang='grc' dir='ltr'><strong><em>αι’τία</em></strong></span> <span class='ocrx_word' id='word_1_95' title='bbox 765 1459 822 1520; x_wconf 74' lang='lat' dir='ltr'><strong>osis</strong></span> <span class='ocrx_word' id='word_1_96' title='bbox 840 1453 1002 1540; x_wconf 76' lang='grc' dir='ltr'><strong><em>ἔγνωσται.</em></strong></span> <span class='ocrx_word' id='word_1_97' title='bbox 1047 1459 1116 1522; x_wconf 79' lang='grc' dir='ltr'><strong><em>τίκτ’</em></strong></span> <span class='ocrx_word' id='word_1_98' title='bbox 1134 1451 1237 1522; x_wconf 63' lang='lat' dir='ltr'><strong>arisai</strong></span> 
     </span>
    </p>

    <p class='ocr_par' dir='ltr' id='par_1_11' title="bbox 153 1552 1266 1640">
     <span class='ocr_line' id='line_1_13' title="bbox 153 1552 1266 1640; baseline 0.001 -21"><span class='ocrx_word' id='word_1_99' title='bbox 153 1557 190 1619; x_wconf 75' lang='grc' dir='ltr'><strong>δὲ</strong></span> <span class='ocrx_word' id='word_1_100' title='bbox 220 1552 238 1617; x_wconf 90' lang='grc' dir='ltr'><strong><em>ό</em></strong></span> <span class='ocrx_word' id='word_1_101' title='bbox 267 1556 485 1638; x_wconf 80' lang='grc' dir='ltr'><strong><em>γραμματικός</em></strong></span> <span class='ocrx_word' id='word_1_102' title='bbox 513 1555 664 1640; x_wconf 80' lang='grc' dir='ltr'><strong><em>α’νόγεται.</em></strong></span> <span class='ocrx_word' id='word_1_103' title='bbox 684 1553 858 1631; x_wconf 84' lang='grc' dir='ltr'><strong><em>Νικόλαος..</em></strong></span> <span class='ocrx_word' id='word_1_104' title='bbox 899 1553 979 1636; x_wconf 85' lang='grc' dir='ltr'><strong><em>μετό</em></strong></span> <span class='ocrx_word' id='word_1_105' title='bbox 1004 1558 1040 1621; x_wconf 79' lang='grc' dir='ltr'><strong>δέ</strong></span> <span class='ocrx_word' id='word_1_106' title='bbox 1061 1557 1161 1620; x_wconf 82' lang='grc' dir='ltr'><strong><em>ταῦτα</em></strong></span> <span class='ocrx_word' id='word_1_107' title='bbox 1180 1557 1236 1640; x_wconf 78' lang='grc' dir='ltr'><strong><em>η’χ-</em></strong></span> <span class='ocrx_word' id='word_1_108' title='bbox 1260 1571 1266 1582; x_wconf 85' lang='grc'><strong><em>·</em></strong></span> 
     </span>
    </p>

    <p class='ocr_par' dir='ltr' id='par_1_12' title="bbox 151 1653 1333 1740">
     <span class='ocr_line' id='line_1_14' title="bbox 151 1653 1333 1740; baseline -0.002 -20"><span class='ocrx_word' id='word_1_109' title='bbox 151 1657 250 1738; x_wconf 77' lang='grc' dir='ltr'><strong><em>χέλθη</em></strong></span> <span class='ocrx_word' id='word_1_110' title='bbox 273 1653 420 1737; x_wconf 70' lang='grc' dir='ltr'><strong><em>Φραγμός</em></strong></span> <span class='ocrx_word' id='word_1_111' title='bbox 443 1656 631 1740; x_wconf 82' lang='grc' dir='ltr'><strong><em>Ῥομπέρτος</em></strong></span> <span class='ocrx_word' id='word_1_112' title='bbox 656 1656 712 1720; x_wconf 66' lang='lat' dir='ltr'><strong>ent</strong></span> <span class='ocrx_word' id='word_1_113' title='bbox 729 1655 783 1721; x_wconf 89' lang='grc' dir='ltr'><strong>τόν</strong></span> <span class='ocrx_word' id='word_1_114' title='bbox 811 1653 926 1739; x_wconf 84' lang='grc' dir='ltr'><strong><em>όόμνον</em></strong></span> <span class='ocrx_word' id='word_1_115' title='bbox 946 1657 1333 1738; x_wconf 67' lang='grc' dir='ltr'><strong><em>όιαπεραιοόμενος.ρ,3ηη</em></strong></span> 
     </span>
    </p>

    <p class='ocr_par' dir='ltr' id='par_1_13' title="bbox 107 1751 1240 1938">
     <span class='ocr_line' id='line_1_15' title="bbox 152 1751 1238 1840; baseline 0.002 -22"><span class='ocrx_word' id='word_1_116' title='bbox 152 1755 268 1818; x_wconf 69' lang='grc' dir='ltr'><strong><em>αὐτίκα</em></strong></span> <span class='ocrx_word' id='word_1_117' title='bbox 284 1756 389 1819; x_wconf 80' lang='grc' dir='ltr'><strong><em>τοίνυν</em></strong></span> <span class='ocrx_word' id='word_1_118' title='bbox 409 1752 426 1819; x_wconf 88' lang='grc' dir='ltr'><strong><em>ό</em></strong></span> <span class='ocrx_word' id='word_1_119' title='bbox 445 1754 596 1839; x_wconf 73' lang='grc' dir='ltr'><strong><em>βασιλεὺς</em></strong></span> <span class='ocrx_word' id='word_1_120' title='bbox 616 1754 837 1839; x_wconf 69' lang='grc' dir='ltr'><strong><em>ἐξεστράτευσε</em></strong></span> <span class='ocrx_word' id='word_1_121' title='bbox 848 1805 857 1837; x_wconf 89' lang='grc'><em>,</em></span> <span class='ocrx_word' id='word_1_122' title='bbox 887 1755 941 1819; x_wconf 82' lang='grc' dir='ltr'><strong>καί</strong></span> <span class='ocrx_word' id='word_1_123' title='bbox 955 1751 1098 1840; x_wconf 72' lang='grc' dir='ltr'><strong><em>ήττηθείς</em></strong></span> <span class='ocrx_word' id='word_1_124' title='bbox 1120 1753 1238 1831; x_wconf 77' lang='grc' dir='ltr'><strong><em>α’κλεοός</em></strong></span> 
     </span>
     <span class='ocr_line' id='line_1_16' title="bbox 107 1848 1240 1938; baseline 0.002 -22"><span class='ocrx_word' id='word_1_125' title='bbox 107 1849 268 1938; x_wconf 74' lang='grc' dir='ltr'><strong><em>ιόἔφυχε,</em></strong></span> <span class='ocrx_word' id='word_1_126' title='bbox 301 1856 425 1918; x_wconf 78' lang='grc' dir='ltr'><strong><em>πολλοόν</em></strong></span> <span class='ocrx_word' id='word_1_127' title='bbox 453 1858 555 1920; x_wconf 77' lang='grc' dir='ltr'><strong><em>ἐκεῖσε</em></strong></span> <span class='ocrx_word' id='word_1_128' title='bbox 585 1851 764 1935; x_wconf 84' lang='grc' dir='ltr'><strong><em>πεσόντων,</em></strong></span> <span class='ocrx_word' id='word_1_129' title='bbox 796 1848 833 1916; x_wconf 86' lang='grc' dir='ltr'><strong>οό</strong></span> <span class='ocrx_word' id='word_1_130' title='bbox 863 1857 925 1918; x_wconf 79' lang='lat' dir='ltr'><strong>cciv</strong></span> <span class='ocrx_word' id='word_1_131' title='bbox 953 1850 1115 1935; x_wconf 77' lang='grc' dir='ltr'><strong><em>τυχόντων</em></strong></span> <span class='ocrx_word' id='word_1_132' title='bbox 1140 1853 1240 1936; x_wconf 91' lang='grc' dir='ltr'><strong><em>μόνον</em></strong></span> 
     </span>
    </p>

    <p class='ocr_par' dir='ltr' id='par_1_14' title="bbox 152 1946 1237 2036">
     <span class='ocr_line' id='line_1_17' title="bbox 152 1946 1237 2036; baseline 0.002 -20"><span class='ocrx_word' id='word_1_133' title='bbox 152 1949 234 2016; x_wconf 73' lang='grc' dir='ltr'><strong><em>ἄλλό</em></strong></span> <span class='ocrx_word' id='word_1_134' title='bbox 256 1955 311 2016; x_wconf 73' lang='grc' dir='ltr'><strong><em>κατ’</em></strong></span> <span class='ocrx_word' id='word_1_135' title='bbox 338 1954 402 2017; x_wconf 85' lang='grc' dir='ltr'><strong><em>τοόν</em></strong></span> <span class='ocrx_word' id='word_1_136' title='bbox 420 1955 617 2036; x_wconf 78' lang='grc' dir='ltr'><strong><em>μεγιστάνων</em></strong></span> <span class='ocrx_word' id='word_1_137' title='bbox 635 1955 691 2018; x_wconf 78' lang='grc' dir='ltr'><strong><em>κατ’</em></strong></span> <span class='ocrx_word' id='word_1_138' title='bbox 712 1956 745 2030; x_wconf 77' lang='grc' dir='ltr'><strong>ἔξ</strong></span> <span class='ocrx_word' id='word_1_139' title='bbox 766 1948 909 2034; x_wconf 82' lang='grc' dir='ltr'><strong><em>αόμότνιν</em></strong></span> <span class='ocrx_word' id='word_1_140' title='bbox 939 1946 1036 2016; x_wconf 85' lang='grc' dir='ltr'><strong><em>όντοτν</em></strong></span> <span class='ocrx_word' id='word_1_141' title='bbox 1055 1956 1237 2032; x_wconf 75' lang='grc' dir='ltr'><strong><em>βασιλικῶν.</em></strong></span> 
     </span>
    </p>

    <p class='ocr_par' dir='ltr' id='par_1_15' title="bbox 152 2044 1337 2138">
     <span class='ocr_line' id='line_1_18' title="bbox 152 2044 1337 2138; baseline 0.003 -22"><span class='ocrx_word' id='word_1_142' title='bbox 152 2047 324 2135; x_wconf 75' lang='grc' dir='ltr'><strong><em>ἡττημένος</em></strong></span> <span class='ocrx_word' id='word_1_143' title='bbox 356 2044 414 2117; x_wconf 71' lang='lat' dir='ltr'><strong>ode</strong></span> <span class='ocrx_word' id='word_1_144' title='bbox 431 2051 628 2138; x_wconf 66' lang='lat' dir='ltr'><strong>denespion</strong></span> <span class='ocrx_word' id='word_1_145' title='bbox 648 2050 666 2114; x_wconf 89' lang='grc' dir='ltr'><strong><em>ό</em></strong></span> <span class='ocrx_word' id='word_1_146' title='bbox 686 2051 846 2133; x_wconf 75' lang='grc' dir='ltr'><strong><em>βασιλεύς.</em></strong></span> <span class='ocrx_word' id='word_1_147' title='bbox 898 2054 1073 2134; x_wconf 76' lang='grc' dir='ltr'><strong><em>γαυριιόαιν</em></strong></span> <span class='ocrx_word' id='word_1_148' title='bbox 1094 2051 1146 2114; x_wconf 84' lang='grc' dir='ltr'><strong><em>ι’τιό</em></strong></span> <span class='ocrx_word' id='word_1_149' title='bbox 1164 2049 1337 2126; x_wconf 59' lang='lat' dir='ltr'><strong>rori-Vnst</strong></span> 
     </span>
    </p>

    <p class='ocr_par' dir='ltr' id='par_1_16' title="bbox 152 2148 1237 2234">
     <span class='ocr_line' id='line_1_19' title="bbox 152 2148 1237 2234; baseline -0.003 -19"><span class='ocrx_word' id='word_1_150' title='bbox 152 2173 218 2224; x_wconf 89' lang='grc' dir='ltr'><strong><em>τοις</em></strong></span> <span class='ocrx_word' id='word_1_151' title='bbox 237 2149 267 2216; x_wconf 81' lang='grc' dir='ltr'><strong>οἱ</strong></span> <span class='ocrx_word' id='word_1_152' title='bbox 284 2150 444 2234; x_wconf 73' lang='grc' dir='ltr'><strong><em>βάρβαροι</em></strong></span> <span class='ocrx_word' id='word_1_153' title='bbox 465 2152 535 2216; x_wconf 80' lang='grc' dir='ltr'><strong><em>τινὰ</em></strong></span> <span class='ocrx_word' id='word_1_154' title='bbox 564 2155 628 2215; x_wconf 75' lang='grc' dir='ltr'><strong><em>τοῖν</em></strong></span> <span class='ocrx_word' id='word_1_155' title='bbox 646 2148 846 2230; x_wconf 79' lang='grc' dir='ltr'><strong><em>πολισμάτων</em></strong></span> <span class='ocrx_word' id='word_1_156' title='bbox 875 2153 1062 2232; x_wconf 85' lang='grc' dir='ltr'><strong><em>κατέχοντες.</em></strong></span> <span class='ocrx_word' id='word_1_157' title='bbox 1104 2153 1237 2233; x_wconf 78' lang='grc' dir='ltr'><strong><em>ἐκστρα-</em></strong></span> 
     </span>
    </p>

    <p class='ocr_par' dir='ltr' id='par_1_17' title="bbox 106 2243 1238 2435">
     <span class='ocr_line' id='line_1_20' title="bbox 151 2243 1238 2334; baseline 0.001 -23"><span class='ocrx_word' id='word_1_158' title='bbox 151 2243 236 2312; x_wconf 87' lang='grc' dir='ltr'><strong><em>τεόει</em></strong></span> <span class='ocrx_word' id='word_1_159' title='bbox 256 2251 311 2312; x_wconf 81' lang='grc' dir='ltr'><strong>καί</strong></span> <span class='ocrx_word' id='word_1_160' title='bbox 329 2244 426 2326; x_wconf 74' lang='grc' dir='ltr'><strong><em>αόθις</em></strong></span> <span class='ocrx_word' id='word_1_161' title='bbox 445 2249 610 2331; x_wconf 73' lang='grc' dir='ltr'><strong><em>βασιλεύς,</em></strong></span> <span class='ocrx_word' id='word_1_162' title='bbox 639 2252 696 2313; x_wconf 81' lang='grc' dir='ltr'><strong>καί</strong></span> <span class='ocrx_word' id='word_1_163' title='bbox 715 2247 769 2312; x_wconf 85' lang='grc' dir='ltr'><strong>τόν</strong></span> <span class='ocrx_word' id='word_1_164' title='bbox 791 2247 977 2333; x_wconf 82' lang='grc' dir='ltr'><strong><em>Ἀνόριανόν</em></strong></span> <span class='ocrx_word' id='word_1_165' title='bbox 996 2248 1052 2334; x_wconf 86' lang='grc' dir='ltr'><strong>τήν</strong></span> <span class='ocrx_word' id='word_1_166' title='bbox 1071 2247 1238 2331; x_wconf 79' lang='grc' dir='ltr'><strong><em>βασιλικήν</em></strong></span> 
     </span>
     <span class='ocr_line' id='line_1_21' title="bbox 106 2344 1236 2435; baseline -0.004 -19"><span class='ocrx_word' id='word_1_167' title='bbox 106 2346 319 2435; x_wconf 80' lang='grc' dir='ltr'><strong><em>αοιίμφιόοος</em></strong></span> <span class='ocrx_word' id='word_1_168' title='bbox 341 2351 464 2433; x_wconf 77' lang='grc' dir='ltr'><strong><em>ε’σθήτα</em></strong></span> <span class='ocrx_word' id='word_1_169' title='bbox 491 2351 547 2413; x_wconf 80' lang='grc' dir='ltr'><strong>καί</strong></span> <span class='ocrx_word' id='word_1_170' title='bbox 574 2344 692 2433; x_wconf 88' lang='grc' dir='ltr'><strong><em>στήσας</em></strong></span> <span class='ocrx_word' id='word_1_171' title='bbox 712 2347 864 2414; x_wconf 80' lang='grc' dir='ltr'><strong><em>οἰτιέναντι</em></strong></span> <span class='ocrx_word' id='word_1_172' title='bbox 890 2352 949 2414; x_wconf 81' lang='lat' dir='ltr'><strong>sori</strong></span> <span class='ocrx_word' id='word_1_173' title='bbox 964 2346 1155 2432; x_wconf 83' lang='grc' dir='ltr'><strong><em>Ῥομπὲρτου</em></strong></span> <span class='ocrx_word' id='word_1_174' title='bbox 1175 2371 1236 2412; x_wconf 87' lang='grc' dir='ltr'><strong>πα-</strong></span> 
     </span>
    </p>
   </div>
   <div class='ocr_carea' id='block_1_3' title="bbox 224 2554 810 2633">
    <p class='ocr_par' dir='ltr' id='par_1_18' title="bbox 224 2554 810 2633">
     <span class='ocr_line' id='line_1_22' title="bbox 224 2554 810 2633; baseline 0.002 -22"><span class='ocrx_word' id='word_1_175' title='bbox 224 2575 247 2611; x_wconf 82' lang='lat' dir='ltr'><strong>s.</strong></span> <span class='ocrx_word' id='word_1_176' title='bbox 264 2554 387 2630; x_wconf 81' lang='grc' dir='ltr'><strong><em>σ’όελφής</em></strong></span> <span class='ocrx_word' id='word_1_177' title='bbox 404 2555 433 2610; x_wconf 85' lang='grc' dir='ltr'><strong>Ρ.</strong></span> <span class='ocrx_word' id='word_1_178' title='bbox 507 2557 810 2633; x_wconf 71' lang='lat' dir='ltr'><strong>13.eic’Entdspsrar?</strong></span> 
     </span>
    </p>
   </div>
   <div class='ocr_carea' id='block_1_4' title="bbox 152 2727 1242 4286">
    <p class='ocr_par' dir='ltr' id='par_1_19' title="bbox 152 2727 1242 3787">
     <span class='ocr_line' id='line_1_23' title="bbox 154 2727 1236 2801; baseline -0.003 -21"><span class='ocrx_word' id='word_1_179' title='bbox 154 2736 219 2792; x_wconf 84' lang='lat' dir='ltr'><strong>erat,</strong></span> <span class='ocrx_word' id='word_1_180' title='bbox 236 2729 383 2797; x_wconf 78' lang='lat' dir='ltr'><strong>Augustum</strong></span> <span class='ocrx_word' id='word_1_181' title='bbox 400 2729 544 2800; x_wconf 80' lang='lat' dir='ltr'><strong>classisque</strong></span> <span class='ocrx_word' id='word_1_182' title='bbox 554 2730 740 2800; x_wconf 82' lang='lat' dir='ltr'><strong>Dmngarinm.</strong></span> <span class='ocrx_word' id='word_1_183' title='bbox 762 2737 901 2801; x_wconf 82' lang='lat' dir='ltr'><strong>praeterea</strong></span> <span class='ocrx_word' id='word_1_184' title='bbox 918 2745 1035 2782; x_wconf 88' lang='lat' dir='ltr'><strong>sororum</strong></span> <span class='ocrx_word' id='word_1_185' title='bbox 1054 2727 1170 2792; x_wconf 83' lang='lat' dir='ltr'><strong>maritos,</strong></span> <span class='ocrx_word' id='word_1_186' title='bbox 1187 2729 1236 2780; x_wconf 80' lang='lat' dir='ltr'><strong>ad.</strong></span> 
     </span>
     <span class='ocr_line' id='line_1_24' title="bbox 153 2799 1237 2870; baseline 0.001 -16"><span class='ocrx_word' id='word_1_187' title='bbox 153 2801 220 2854; x_wconf 81' lang='lat' dir='ltr'><strong>fines</strong></span> <span class='ocrx_word' id='word_1_188' title='bbox 239 2801 318 2864; x_wconf 88' lang='lat' dir='ltr'><strong>s&#39;uos,</strong></span> <span class='ocrx_word' id='word_1_189' title='bbox 335 2799 517 2870; x_wconf 77' lang='lat' dir='ltr'>Nicephorum</span> <span class='ocrx_word' id='word_1_190' title='bbox 543 2803 717 2854; x_wconf 85' lang='lat' dir='ltr'><strong>Melissenum</strong></span> <span class='ocrx_word' id='word_1_191' title='bbox 741 2809 771 2853; x_wconf 89' lang='lat' dir='ltr'><strong>et</strong></span> <span class='ocrx_word' id='word_1_192' title='bbox 787 2800 948 2852; x_wconf 82' lang='lat' dir='ltr'><strong>Micbceium</strong></span> <span class='ocrx_word' id='word_1_193' title='bbox 972 2799 1139 2862; x_wconf 71' lang='lat' dir='ltr'><strong>Tamisos,</strong></span> <span class='ocrx_word' id='word_1_194' title='bbox 1158 2803 1237 2855; x_wconf 85' lang='lat' dir='ltr'><strong>certis</strong></span> 
     </span>
     <span class='ocr_line' id='line_1_25' title="bbox 153 2869 1239 2940; baseline 0.002 -19"><span class='ocrx_word' id='word_1_195' title='bbox 153 2869 303 2922; x_wconf 83' lang='lat' dir='ltr'><strong>bonoribus</strong></span> <span class='ocrx_word' id='word_1_196' title='bbox 321 2879 349 2922; x_wconf 85' lang='lat' dir='ltr'><strong>at</strong></span> <span class='ocrx_word' id='word_1_197' title='bbox 370 2888 403 2923; x_wconf 88' lang='lat' dir='ltr'><strong>ue</strong></span> <span class='ocrx_word' id='word_1_198' title='bbox 423 2873 509 2924; x_wconf 89' lang='lat' dir='ltr'><strong>tituiis</strong></span> <span class='ocrx_word' id='word_1_199' title='bbox 527 2875 640 2937; x_wconf 78' lang='lat' dir='ltr'><strong>ornavit</strong></span> <span class='ocrx_word' id='word_1_200' title='bbox 660 2889 720 2924; x_wconf 89' lang='lat' dir='ltr'><strong>cum</strong></span> <span class='ocrx_word' id='word_1_201' title='bbox 743 2871 888 2924; x_wconf 82' lang='lat' dir='ltr'><strong>secundum</strong></span> <span class='ocrx_word' id='word_1_202' title='bbox 908 2871 974 2924; x_wconf 84' lang='lat' dir='ltr'><strong>baec</strong></span> <span class='ocrx_word' id='word_1_203' title='bbox 992 2871 1136 2940; x_wconf 81' lang='lat' dir='ltr'><strong>imperator</strong></span> <span class='ocrx_word' id='word_1_204' title='bbox 1155 2887 1239 2939; x_wconf 84' lang='lat' dir='ltr'><strong>pecu-</strong></span> 
     </span>
     <span class='ocr_line' id='line_1_26' title="bbox 153 2888 1238 3010; baseline 0.003 -18"><span class='ocrx_word' id='word_1_205' title='bbox 153 2943 207 2993; x_wconf 84' lang='lat' dir='ltr'><strong>niis</strong></span> <span class='ocrx_word' id='word_1_206' title='bbox 224 2950 329 3010; x_wconf 76' lang='lat' dir='ltr'><strong>egeret,</strong></span> <span class='ocrx_word' id='word_1_207' title='bbox 347 2888 506 3004; x_wconf 73' lang='lat' dir='ltr'><strong>donationes</strong></span> <span class='ocrx_word' id='word_1_208' title='bbox 523 2960 624 2994; x_wconf 84' lang='lat' dir='ltr'><strong>annuas</strong></span> <span class='ocrx_word' id='word_1_209' title='bbox 643 2952 671 2995; x_wconf 90' lang='lat' dir='ltr'><strong>et</strong></span> <span class='ocrx_word' id='word_1_210' title='bbox 695 2959 805 2994; x_wconf 81' lang='lat' dir='ltr'><strong>munera</strong></span> <span class='ocrx_word' id='word_1_211' title='bbox 822 2941 879 2994; x_wconf 87' lang='lat' dir='ltr'><strong>dari</strong></span> <span class='ocrx_word' id='word_1_212' title='bbox 896 2949 1023 2994; x_wconf 86' lang='lat' dir='ltr'><strong>consueta</strong></span> <span class='ocrx_word' id='word_1_213' title='bbox 1041 2941 1238 3010; x_wconf 77' lang='lat' dir='ltr'><strong>magistratibus</strong></span> 
     </span>
     <span class='ocr_line' id='line_1_27' title="bbox 152 3011 1239 3082; baseline 0.001 -19"><span class='ocrx_word' id='word_1_214' title='bbox 152 3012 286 3082; x_wconf 79' lang='lat' dir='ltr'><strong>praecidit</strong></span> <span class='ocrx_word' id='word_1_215' title='bbox 302 3029 334 3064; x_wconf 86' lang='lat' dir='ltr'><strong>ac</strong></span> <span class='ocrx_word' id='word_1_216' title='bbox 362 3012 413 3064; x_wconf 88' lang='lat' dir='ltr'><strong>sibi</strong></span> <span class='ocrx_word' id='word_1_217' title='bbox 434 3013 551 3077; x_wconf 75' lang='lat' dir='ltr'>retinuit,</span> <span class='ocrx_word' id='word_1_218' title='bbox 569 3013 738 3065; x_wconf 85' lang='lat' dir='ltr'><strong>senatoribus</strong></span> <span class='ocrx_word' id='word_1_219' title='bbox 764 3011 845 3064; x_wconf 81' lang='lat' dir='ltr'><strong>etiam</strong></span> <span class='ocrx_word' id='word_1_220' title='bbox 862 3011 1082 3080; x_wconf 72' lang='lat' dir='ltr'>locupletioribus</span> <span class='ocrx_word' id='word_1_221' title='bbox 1102 3029 1167 3081; x_wconf 89' lang='lat' dir='ltr'><strong>opes</strong></span> <span class='ocrx_word' id='word_1_222' title='bbox 1185 3013 1239 3064; x_wconf 87' lang='lat' dir='ltr'><strong>eri-</strong></span> 
     </span>
     <span class='ocr_line' id='line_1_28' title="bbox 153 3081 1240 3154; baseline 0.002 -22"><span class='ocrx_word' id='word_1_223' title='bbox 153 3083 221 3151; x_wconf 87' lang='lat' dir='ltr'><strong>puit.</strong></span> <span class='ocrx_word' id='word_1_224' title='bbox 246 3081 317 3134; x_wconf 84' lang='lat' dir='ltr'><strong>hanc</strong></span> <span class='ocrx_word' id='word_1_225' title='bbox 333 3082 592 3136; x_wconf 75' lang='lat' dir='ltr'><strong>administrationem</strong></span> <span class='ocrx_word' id='word_1_226' title='bbox 613 3083 790 3154; x_wconf 85' lang='lat' dir='ltr'><strong>reipublicae</strong></span> <span class='ocrx_word' id='word_1_227' title='bbox 813 3101 871 3134; x_wconf 86' lang='lat' dir='ltr'><strong>cum</strong></span> <span class='ocrx_word' id='word_1_228' title='bbox 888 3083 1069 3134; x_wconf 83' lang='lat' dir='ltr'><strong>sanctissimus</strong></span> <span class='ocrx_word' id='word_1_229' title='bbox 1087 3083 1135 3134; x_wconf 87' lang='lat' dir='ltr'><strong>ilie</strong></span> <span class='ocrx_word' id='word_1_230' title='bbox 1155 3084 1240 3152; x_wconf 82' lang='lat' dir='ltr'><strong>patri-</strong></span> 
     </span>
     <span class='ocr_line' id='line_1_29' title="bbox 154 3152 1240 3224; baseline 0.002 -21"><span class='ocrx_word' id='word_1_231' title='bbox 154 3153 234 3204; x_wconf 82' lang='lat' dir='ltr'><strong>archa</strong></span> <span class='ocrx_word' id='word_1_232' title='bbox 252 3153 361 3206; x_wconf 76' lang='lat' dir='ltr'><strong>cosmas</strong></span> <span class='ocrx_word' id='word_1_233' title='bbox 377 3154 491 3223; x_wconf 87' lang='lat' dir='ltr'><strong>probare</strong></span> <span class='ocrx_word' id='word_1_234' title='bbox 509 3173 564 3206; x_wconf 91' lang='lat' dir='ltr'><strong>non</strong></span> <span class='ocrx_word' id='word_1_235' title='bbox 580 3164 680 3224; x_wconf 81' lang='lat' dir='ltr'><strong>posset,</strong></span> <span class='ocrx_word' id='word_1_236' title='bbox 698 3171 748 3206; x_wconf 87' lang='lat' dir='ltr'><strong>nec</strong></span> <span class='ocrx_word' id='word_1_237' title='bbox 766 3153 1001 3215; x_wconf 76' lang='lat' dir='ltr'><strong>emendationem,</strong></span> <span class='ocrx_word' id='word_1_238' title='bbox 1020 3152 1053 3204; x_wconf 88' lang='lat' dir='ltr'><strong>de</strong></span> <span class='ocrx_word' id='word_1_239' title='bbox 1072 3171 1124 3223; x_wconf 86' lang='lat' dir='ltr'><strong>qua</strong></span> <span class='ocrx_word' id='word_1_240' title='bbox 1142 3155 1240 3223; x_wconf 88' lang='lat' dir='ltr'><strong>despe-</strong></span> 
     </span>
     <span class='ocr_line' id='line_1_30' title="bbox 153 3223 1240 3294; baseline 0.001 -20"><span class='ocrx_word' id='word_1_241' title='bbox 153 3231 267 3287; x_wconf 78' lang='lat' dir='ltr'><strong>raverat,</strong></span> <span class='ocrx_word' id='word_1_242' title='bbox 284 3225 367 3275; x_wconf 84' lang='lat' dir='ltr'><strong>uliam</strong></span> <span class='ocrx_word' id='word_1_243' title='bbox 384 3233 551 3294; x_wconf 78' lang='lat' dir='ltr'><strong>exspectaret</strong></span> <span class='ocrx_word' id='word_1_244' title='bbox 565 3225 688 3294; x_wconf 67' lang='lat' dir='ltr'><strong>anplius,</strong></span> <span class='ocrx_word' id='word_1_245' title='bbox 699 3225 801 3288; x_wconf 86' lang='lat' dir='ltr'><strong>„tolle”</strong></span> <span class='ocrx_word' id='word_1_246' title='bbox 820 3225 909 3293; x_wconf 89' lang='lat' dir='ltr'><strong>inquit</strong></span> <span class='ocrx_word' id='word_1_247' title='bbox 918 3223 1040 3274; x_wconf 87' lang='lat' dir='ltr'><strong>ministro</strong></span> <span class='ocrx_word' id='word_1_248' title='bbox 1058 3241 1106 3274; x_wconf 89' lang='lat' dir='ltr'><strong>suo</strong></span> <span class='ocrx_word' id='word_1_249' title='bbox 1123 3223 1240 3286; x_wconf 86' lang='lat' dir='ltr'><strong>„librum</strong></span> 
     </span>
     <span class='ocr_line' id='line_1_31' title="bbox 154 3293 1240 3366; baseline 0.002 -22"><span class='ocrx_word' id='word_1_250' title='bbox 154 3294 225 3345; x_wconf 87' lang='lat' dir='ltr'><strong>bunc</strong></span> <span class='ocrx_word' id='word_1_251' title='bbox 233 3295 413 3358; x_wconf 73' lang='lat' dir='ltr'><strong>psalmorum,</strong></span> <span class='ocrx_word' id='word_1_252' title='bbox 432 3304 461 3348; x_wconf 93' lang='lat' dir='ltr'><strong>et</strong></span> <span class='ocrx_word' id='word_1_253' title='bbox 474 3313 518 3346; x_wconf 91' lang='lat' dir='ltr'><strong>me</strong></span> <span class='ocrx_word' id='word_1_254' title='bbox 540 3296 673 3366; x_wconf 85' lang='lat' dir='ltr'><strong>sequere.&#39;&#39;</strong></span> <span class='ocrx_word' id='word_1_255' title='bbox 691 3295 734 3347; x_wconf 88' lang='lat' dir='ltr'><strong>his</strong></span> <span class='ocrx_word' id='word_1_256' title='bbox 750 3293 831 3348; x_wconf 89' lang='lat' dir='ltr'><strong>dictis</strong></span> <span class='ocrx_word' id='word_1_257' title='bbox 851 3311 884 3345; x_wconf 81' lang='lat' dir='ltr'><strong>ex</strong></span> <span class='ocrx_word' id='word_1_258' title='bbox 904 3294 1017 3346; x_wconf 82' lang='lat' dir='ltr'><strong>ecclesia</strong></span> <span class='ocrx_word' id='word_1_259' title='bbox 1033 3293 1164 3346; x_wconf 86' lang='lat' dir='ltr'><strong>discessit.</strong></span> <span class='ocrx_word' id='word_1_260' title='bbox 1181 3295 1240 3346; x_wconf 75' lang='lat' dir='ltr'><strong>ciris</strong></span> 
     </span>
     <span class='ocr_line' id='line_1_32' title="bbox 154 3365 1240 3436; baseline 0.001 -21"><span class='ocrx_word' id='word_1_261' title='bbox 154 3365 282 3416; x_wconf 88' lang='lat' dir='ltr'><strong>inlocum</strong></span> <span class='ocrx_word' id='word_1_262' title='bbox 300 3368 424 3417; x_wconf 80' lang='lat' dir='ltr'><strong>suffectus</strong></span> <span class='ocrx_word' id='word_1_263' title='bbox 441 3375 483 3418; x_wconf 88' lang='lat' dir='ltr'><strong>est</strong></span> <span class='ocrx_word' id='word_1_264' title='bbox 495 3367 642 3418; x_wconf 80' lang='lat' dir='ltr'><strong>Eustratius</strong></span> <span class='ocrx_word' id='word_1_265' title='bbox 659 3365 753 3436; x_wconf 83' lang='lat' dir='ltr'><strong>spado,</strong></span> <span class='ocrx_word' id='word_1_266' title='bbox 769 3365 884 3434; x_wconf 76' lang='lat' dir='ltr'><strong>simplici</strong></span> <span class='ocrx_word' id='word_1_267' title='bbox 902 3365 943 3416; x_wconf 82' lang='lat' dir='ltr'><strong>vir</strong></span> <span class='ocrx_word' id='word_1_268' title='bbox 962 3365 1078 3432; x_wconf 79' lang='lat' dir='ltr'><strong>iugenio,</strong></span> <span class='ocrx_word' id='word_1_269' title='bbox 1096 3373 1124 3417; x_wconf 85' lang='lat' dir='ltr'><strong>et</strong></span> <span class='ocrx_word' id='word_1_270' title='bbox 1142 3365 1240 3434; x_wconf 79' lang='lat' dir='ltr'><strong>diguus</strong></span> 
     </span>
     <span class='ocr_line' id='line_1_33' title="bbox 155 3433 1240 3506; baseline 0 -20"><span class='ocrx_word' id='word_1_271' title='bbox 155 3436 185 3486; x_wconf 87' lang='lat' dir='ltr'><strong>iu</strong></span> <span class='ocrx_word' id='word_1_272' title='bbox 201 3436 299 3503; x_wconf 77' lang='lat' dir='ltr'><strong>angulo</strong></span> <span class='ocrx_word' id='word_1_273' title='bbox 316 3434 366 3506; x_wconf 88' lang='lat' dir='ltr'><strong>qui</strong></span> <span class='ocrx_word' id='word_1_274' title='bbox 383 3435 500 3504; x_wconf 81' lang='lat' dir='ltr'><strong>degeret.</strong></span> <span class='ocrx_word' id='word_1_275' title='bbox 516 3454 608 3488; x_wconf 85' lang='lat' dir='ltr'><strong>verum</strong></span> <span class='ocrx_word' id='word_1_276' title='bbox 625 3445 654 3489; x_wconf 94' lang='lat' dir='ltr'><strong>et</strong></span> <span class='ocrx_word' id='word_1_277' title='bbox 669 3437 717 3488; x_wconf 89' lang='lat' dir='ltr'><strong>iile</strong></span> <span class='ocrx_word' id='word_1_278' title='bbox 733 3443 796 3504; x_wconf 90' lang='lat' dir='ltr'><strong>post</strong></span> <span class='ocrx_word' id='word_1_279' title='bbox 808 3436 952 3488; x_wconf 84' lang='lat' dir='ltr'><strong>triennium</strong></span> <span class='ocrx_word' id='word_1_280' title='bbox 970 3433 1151 3488; x_wconf 83' lang='lat' dir='ltr'><strong>administrati</strong></span> <span class='ocrx_word' id='word_1_281' title='bbox 1169 3453 1240 3504; x_wconf 88' lang='lat' dir='ltr'><strong>pon-</strong></span> 
     </span>
     <span class='ocr_line' id='line_1_34' title="bbox 155 3505 1238 3576; baseline 0.001 -21"><span class='ocrx_word' id='word_1_282' title='bbox 155 3505 273 3557; x_wconf 85' lang='lat' dir='ltr'><strong>tificatus</strong></span> <span class='ocrx_word' id='word_1_283' title='bbox 291 3514 383 3557; x_wconf 84' lang='lat' dir='ltr'><strong>contra</strong></span> <span class='ocrx_word' id='word_1_284' title='bbox 391 3508 557 3560; x_wconf 82' lang='lat' dir='ltr'><strong>voluntatem</strong></span> <span class='ocrx_word' id='word_1_285' title='bbox 569 3523 643 3559; x_wconf 87' lang='lat' dir='ltr'><strong>suam</strong></span> <span class='ocrx_word' id='word_1_286' title='bbox 656 3524 689 3558; x_wconf 87' lang='lat' dir='ltr'><strong>eo</strong></span> <span class='ocrx_word' id='word_1_287' title='bbox 707 3525 756 3576; x_wconf 93' lang='lat' dir='ltr'><strong>pro</strong></span> <span class='ocrx_word' id='word_1_288' title='bbox 776 3515 817 3558; x_wconf 87' lang='lat' dir='ltr'><strong>ter</strong></span> <span class='ocrx_word' id='word_1_289' title='bbox 834 3506 951 3575; x_wconf 80' lang='lat' dir='ltr'><strong>ignotam</strong></span> <span class='ocrx_word' id='word_1_290' title='bbox 973 3505 1114 3576; x_wconf 80' lang='lat' dir='ltr'><strong>quamdam</strong></span> <span class='ocrx_word' id='word_1_291' title='bbox 1132 3523 1238 3558; x_wconf 79' lang='lat' dir='ltr'><strong>causam</strong></span> 
     </span>
     <span class='ocr_line' id='line_1_35' title="bbox 155 3575 1240 3647; baseline 0.002 -21"><span class='ocrx_word' id='word_1_292' title='bbox 155 3575 327 3639; x_wconf 86' lang='lat' dir='ltr'><strong>deturbatur,</strong></span> <span class='ocrx_word' id='word_1_293' title='bbox 344 3584 437 3628; x_wconf 80' lang='lat' dir='ltr'><strong>evecto</strong></span> <span class='ocrx_word' id='word_1_294' title='bbox 454 3578 572 3631; x_wconf 79' lang='lat' dir='ltr'><strong>vicissim</strong></span> <span class='ocrx_word' id='word_1_295' title='bbox 584 3577 619 3630; x_wconf 85' lang='lat' dir='ltr'><strong>sd</strong></span> <span class='ocrx_word' id='word_1_296' title='bbox 645 3578 747 3647; x_wconf 81' lang='lat' dir='ltr'><strong>patriar</strong></span> <span class='ocrx_word' id='word_1_297' title='bbox 781 3577 817 3628; x_wconf 90' lang='lat' dir='ltr'><strong>ici</strong></span> <span class='ocrx_word' id='word_1_298' title='bbox 834 3577 897 3629; x_wconf 87' lang='lat' dir='ltr'><strong>solii</strong></span> <span class='ocrx_word' id='word_1_299' title='bbox 916 3576 1108 3630; x_wconf 75' lang='lat' dir='ltr'><strong>sublimitatem</strong></span> <span class='ocrx_word' id='word_1_300' title='bbox 1126 3575 1240 3628; x_wconf 83' lang='lat' dir='ltr'><strong>Nicoiua</strong></span> 
     </span>
     <span class='ocr_line' id='line_1_36' title="bbox 155 3645 1241 3716; baseline 0.002 -20"><span class='ocrx_word' id='word_1_301' title='bbox 155 3647 342 3698; x_wconf 80' lang='lat' dir='ltr'><strong>Grammatico.</strong></span> <span class='ocrx_word' id='word_1_302' title='bbox 361 3645 506 3698; x_wconf 88' lang='lat' dir='ltr'><strong>secundum</strong></span> <span class='ocrx_word' id='word_1_303' title='bbox 526 3647 593 3701; x_wconf 85' lang='lat' dir='ltr'><strong>haee</strong></span> <span class='ocrx_word' id='word_1_304' title='bbox 608 3649 718 3700; x_wconf 87' lang='lat' dir='ltr'><strong>nuntius</strong></span> <span class='ocrx_word' id='word_1_305' title='bbox 736 3647 771 3699; x_wconf 89' lang='lat' dir='ltr'><strong>ad</strong></span> <span class='ocrx_word' id='word_1_306' title='bbox 788 3649 973 3716; x_wconf 84' lang='lat' dir='ltr'><strong>imperatorem</strong></span> <span class='ocrx_word' id='word_1_307' title='bbox 991 3648 1089 3700; x_wconf 84' lang='lat' dir='ltr'><strong>allatus</strong></span> <span class='ocrx_word' id='word_1_308' title='bbox 1110 3655 1166 3710; x_wconf 90' lang='lat' dir='ltr'><strong>est,</strong></span> <span class='ocrx_word' id='word_1_309' title='bbox 1186 3663 1241 3715; x_wconf 91' lang='lat' dir='ltr'><strong>quo</strong></span> 
     </span>
     <span class='ocr_line' id='line_1_37' title="bbox 154 3715 1242 3787; baseline 0 -19"><span class='ocrx_word' id='word_1_310' title='bbox 154 3715 353 3784; x_wconf 80' lang='lat' dir='ltr'><strong>significabatur</strong></span> <span class='ocrx_word' id='word_1_311' title='bbox 365 3719 510 3786; x_wconf 86' lang='lat' dir='ltr'><strong>iiupcrtum</strong></span> <span class='ocrx_word' id='word_1_312' title='bbox 522 3717 652 3770; x_wconf 77' lang='lat' dir='ltr'><strong>Frentum</strong></span> <span class='ocrx_word' id='word_1_313' title='bbox 665 3721 777 3771; x_wconf 88' lang='lat' dir='ltr'><strong>traiecto</strong></span> <span class='ocrx_word' id='word_1_314' title='bbox 790 3719 856 3770; x_wconf 80' lang='lat' dir='ltr'><strong>meri</strong></span> <span class='ocrx_word' id='word_1_315' title='bbox 863 3717 1040 3787; x_wconf 85' lang='lat' dir='ltr'><strong>Epidamnum</strong></span> <span class='ocrx_word' id='word_1_316' title='bbox 1048 3717 1161 3771; x_wconf 84' lang='lat' dir='ltr'><strong>venisse.</strong></span> <span class='ocrx_word' id='word_1_317' title='bbox 1174 3733 1242 3786; x_wconf 81' lang='lat' dir='ltr'><strong>qua-</strong></span> 
     </span>
    </p>

    <p class='ocr_par' dir='ltr' id='par_1_20' title="bbox 154 3787 1242 4286">
     <span class='ocr_line' id='line_1_38' title="bbox 175 3787 1241 3860; baseline 0.003 -25"><span class='ocrx_word' id='word_1_318' title='bbox 175 3794 264 3854; x_wconf 88' lang='lat' dir='ltr'><strong>ropter</strong></span> <span class='ocrx_word' id='word_1_319' title='bbox 282 3787 357 3838; x_wconf 78' lang='lat' dir='ltr'><strong>illico</strong></span> <span class='ocrx_word' id='word_1_320' title='bbox 373 3805 433 3840; x_wconf 83' lang='lat' dir='ltr'><strong>suas</strong></span> <span class='ocrx_word' id='word_1_321' title='bbox 443 3789 535 3858; x_wconf 85' lang='lat' dir='ltr'><strong>copias</strong></span> <span class='ocrx_word' id='word_1_322' title='bbox 551 3787 652 3852; x_wconf 78' lang='lat' dir='ltr'><strong>educit,</strong></span> <span class='ocrx_word' id='word_1_323' title='bbox 660 3787 1049 3860; x_wconf 74' lang='lat' dir='ltr'><strong>Dyrrhachiumqueprosectus</strong></span> <span class='ocrx_word' id='word_1_324' title='bbox 1061 3803 1168 3838; x_wconf 85' lang='lat' dir='ltr'><strong>manum</strong></span> <span class='ocrx_word' id='word_1_325' title='bbox 1180 3803 1241 3838; x_wconf 86' lang='lat' dir='ltr'><strong>cum</strong></span> 
     </span>
     <span class='ocr_line' id='line_1_39' title="bbox 154 3804 1241 3982; baseline 0.002 -75"><span class='ocrx_word' id='word_1_326' title='bbox 154 3804 277 3907; x_wconf 74' lang='lat' dir='ltr'><strong>iiostibus</strong></span> <span class='ocrx_word' id='word_1_327' title='bbox 296 3858 438 3910; x_wconf 72' lang='lat' dir='ltr'><strong>conseruit.</strong></span> <span class='ocrx_word' id='word_1_328' title='bbox 454 3860 540 3912; x_wconf 84' lang='lat' dir='ltr'><strong>victus</strong></span> <span class='ocrx_word' id='word_1_329' title='bbox 558 3869 649 3912; x_wconf 86' lang='lat' dir='ltr'><strong>autem</strong></span> <span class='ocrx_word' id='word_1_330' title='bbox 666 3861 771 3928; x_wconf 85' lang='lat' dir='ltr'><strong>proelio</strong></span> <span class='ocrx_word' id='word_1_331' title='bbox 789 3859 852 3982; x_wconf 62' lang='lat' dir='ltr'><strong>iupa</strong></span> <span class='ocrx_word' id='word_1_332' title='bbox 870 3859 921 3911; x_wconf 86' lang='lat' dir='ltr'><strong>sibi</strong></span> <span class='ocrx_word' id='word_1_333' title='bbox 941 3859 1074 3912; x_wconf 84' lang='lat' dir='ltr'><strong>consuluit</strong></span> <span class='ocrx_word' id='word_1_334' title='bbox 1092 3859 1241 3926; x_wconf 79' lang='lat' dir='ltr'><strong>inglorius,</strong></span> 
     </span>
     <span class='ocr_line' id='line_1_40' title="bbox 155 3927 809 3998; baseline 0.009 -22"><span class='ocrx_word' id='word_1_335' title='bbox 155 3927 246 3978; x_wconf 74' lang='lat' dir='ltr'><strong>miritis</strong></span> <span class='ocrx_word' id='word_1_336' title='bbox 263 3944 369 3980; x_wconf 86' lang='lat' dir='ltr'><strong>suorum</strong></span> <span class='ocrx_word' id='word_1_337' title='bbox 399 3929 520 3991; x_wconf 85' lang='lat' dir='ltr'><strong>amissis,</strong></span> <span class='ocrx_word' id='word_1_338' title='bbox 544 3947 601 3983; x_wconf 90' lang='lat' dir='ltr'><strong>non</strong></span> <span class='ocrx_word' id='word_1_339' title='bbox 619 3932 735 3998; x_wconf 79' lang='lat' dir='ltr'><strong>vulgaris</strong></span> <span class='ocrx_word' id='word_1_340' title='bbox 766 3947 809 3982; x_wconf 92' lang='lat' dir='ltr'><strong>mo</strong></span> 
     </span>
     <span class='ocr_line' id='line_1_41' title="bbox 155 3997 1241 4071; baseline 0.002 -23"><span class='ocrx_word' id='word_1_341' title='bbox 155 3997 236 4048; x_wconf 84' lang='lat' dir='ltr'><strong>etiam</strong></span> <span class='ocrx_word' id='word_1_342' title='bbox 254 3997 421 4066; x_wconf 78' lang='lat' dir='ltr'><strong>magnatibus</strong></span> <span class='ocrx_word' id='word_1_343' title='bbox 442 4009 470 4052; x_wconf 90' lang='lat' dir='ltr'><strong>et</strong></span> <span class='ocrx_word' id='word_1_344' title='bbox 485 4001 658 4070; x_wconf 85' lang='lat' dir='ltr'><strong>imperatorio</strong></span> <span class='ocrx_word' id='word_1_345' title='bbox 678 4002 806 4070; x_wconf 78' lang='lat' dir='ltr'><strong>sanguine</strong></span> <span class='ocrx_word' id='word_1_346' title='bbox 817 4001 973 4071; x_wconf 87' lang='lat' dir='ltr'><strong>procreatis.</strong></span> <span class='ocrx_word' id='word_1_347' title='bbox 992 4000 1043 4052; x_wconf 88' lang='lat' dir='ltr'><strong>boc</strong></span> <span class='ocrx_word' id='word_1_348' title='bbox 1055 3997 1136 4050; x_wconf 87' lang='lat' dir='ltr'><strong>modo</strong></span> <span class='ocrx_word' id='word_1_349' title='bbox 1155 3999 1241 4050; x_wconf 84' lang='lat' dir='ltr'><strong>victus</strong></span> 
     </span>
     <span class='ocr_line' id='line_1_42' title="bbox 155 4067 1242 4139; baseline 0.005 -22"><span class='ocrx_word' id='word_1_350' title='bbox 155 4070 299 4136; x_wconf 81' lang='lat' dir='ltr'><strong>imperator</strong></span> <span class='ocrx_word' id='word_1_351' title='bbox 330 4067 366 4120; x_wconf 85' lang='lat' dir='ltr'><strong>ad</strong></span> <span class='ocrx_word' id='word_1_352' title='bbox 392 4069 486 4122; x_wconf 91' lang='lat' dir='ltr'><strong>urbem</strong></span> <span class='ocrx_word' id='word_1_353' title='bbox 522 4073 669 4124; x_wconf 82' lang='lat' dir='ltr'><strong>revertitur.</strong></span> <span class='ocrx_word' id='word_1_354' title='bbox 694 4073 798 4124; x_wconf 80' lang='lat' dir='ltr'><strong>interea</strong></span> <span class='ocrx_word' id='word_1_355' title='bbox 826 4071 932 4124; x_wconf 83' lang='lat' dir='ltr'><strong>barbari</strong></span> <span class='ocrx_word' id='word_1_356' title='bbox 959 4070 1094 4139; x_wconf 83' lang='lat' dir='ltr'><strong>prosperis</strong></span> <span class='ocrx_word' id='word_1_357' title='bbox 1118 4069 1242 4124; x_wconf 81' lang='lat' dir='ltr'><strong>fortunae</strong></span> 
     </span>
     <span class='ocr_line' id='line_1_43' title="bbox 156 4137 1242 4214; baseline 0.002 -25"><span class='ocrx_word' id='word_1_358' title='bbox 156 4137 320 4190; x_wconf 84' lang='lat' dir='ltr'><strong>successibus</strong></span> <span class='ocrx_word' id='word_1_359' title='bbox 335 4139 401 4192; x_wconf 79' lang='lat' dir='ltr'><strong>eiati</strong></span> <span class='ocrx_word' id='word_1_360' title='bbox 427 4141 566 4211; x_wconf 86' lang='lat' dir='ltr'><strong>superbire</strong></span> <span class='ocrx_word' id='word_1_361' title='bbox 589 4159 621 4194; x_wconf 84' lang='lat' dir='ltr'><strong>ac</strong></span> <span class='ocrx_word' id='word_1_362' title='bbox 639 4143 772 4211; x_wconf 85' lang='lat' dir='ltr'><strong>oppidula</strong></span> <span class='ocrx_word' id='word_1_363' title='bbox 789 4141 922 4214; x_wconf 79' lang='lat' dir='ltr'><strong>qsraedom</strong></span> <span class='ocrx_word' id='word_1_364' title='bbox 940 4157 1002 4193; x_wconf 88' lang='lat' dir='ltr'><strong>occu</strong></span> <span class='ocrx_word' id='word_1_365' title='bbox 1024 4156 1077 4193; x_wconf 81' lang='lat' dir='ltr'><strong>ure.</strong></span> <span class='ocrx_word' id='word_1_366' title='bbox 1097 4139 1242 4209; x_wconf 84' lang='lat' dir='ltr'><strong>imperator</strong></span> 
     </span>
     <span class='ocr_line' id='line_1_44' title="bbox 156 4159 1240 4286; baseline 0.002 -22"><span class='ocrx_word' id='word_1_367' title='bbox 156 4209 271 4264; x_wconf 73' lang='lat' dir='ltr'><strong>vicissim</strong></span> <span class='ocrx_word' id='word_1_368' title='bbox 290 4208 392 4264; x_wconf 79' lang='lat' dir='ltr'><strong>eductis</strong></span> <span class='ocrx_word' id='word_1_369' title='bbox 422 4209 511 4266; x_wconf 89' lang='lat' dir='ltr'><strong>denuo</strong></span> <span class='ocrx_word' id='word_1_370' title='bbox 537 4213 623 4285; x_wconf 88' lang='lat' dir='ltr'><strong>copiis</strong></span> <span class='ocrx_word' id='word_1_371' title='bbox 640 4213 787 4268; x_wconf 80' lang='lat' dir='ltr'><strong>Adrianum</strong></span> <span class='ocrx_word' id='word_1_372' title='bbox 811 4212 983 4286; x_wconf 84' lang='lat' dir='ltr'><strong>imperatorio</strong></span> <span class='ocrx_word' id='word_1_373' title='bbox 1003 4159 1105 4266; x_wconf 76' lang='lat' dir='ltr'><strong>babitu</strong></span> <span class='ocrx_word' id='word_1_374' title='bbox 1120 4226 1240 4286; x_wconf 67' lang='lat' dir='ltr'><strong>‚ornam</strong></span> 
     </span>
    </p>
   </div>
   <div class='ocr_carea' id='block_1_5' title="bbox 830 3927 1241 3983">
    <p class='ocr_par' dir='ltr' id='par_1_21' title="bbox 830 3927 1241 3983">
     <span class='ocr_line' id='line_1_45' title="bbox 830 3927 1241 3983; baseline -0.019 -1"><span class='ocrx_word' id='word_1_375' title='bbox 830 3947 847 3982; x_wconf 86' lang='grc' dir='ltr'>ο</span> <span class='ocrx_word' id='word_1_376' title='bbox 865 3932 944 3983; x_wconf 90' lang='lat' dir='ltr'><strong>sortis</strong></span> <span class='ocrx_word' id='word_1_377' title='bbox 962 3927 1116 3982; x_wconf 83' lang='lat' dir='ltr'><strong>hominibus</strong></span> <span class='ocrx_word' id='word_1_378' title='bbox 1136 3945 1241 3980; x_wconf 83' lang='lat' dir='ltr'><strong>verum.</strong></span> 
     </span>
    </p>
   </div>
   <div class='ocr_carea' id='block_1_6' title="bbox 0 0 1514 4859">
    <p class='ocr_par' dir='ltr' id='par_1_22' title="bbox 0 0 1514 4859">
     <span class='ocr_line' id='line_1_46' title="bbox 0 0 1514 4859; baseline 0 0"><span class='ocrx_word' id='word_1_379' title='bbox 0 0 1514 4859; x_wconf 95' lang='lat' dir='ltr'><strong> </strong></span> 
     </span>
    </p>
   </div>
  </div>
 </body>
</html>
