3000 4859
273 265 328 368 lt²
604 288 823 358 mentius
850 286 1015 358 concta

272 448 338 513 τάν
357 447 509 531 χεομδνην
529 435 631 529 αιἰγην
653 448 707 510 καί
728 440 864 529 οάρανόν
885 442 1095 526 περιλάμπειν
1122 440 1179 505 καί
1193 438 1251 506 τόν
1270 437 1363 523 dioc,

275 543 331 611 καί
349 545 432 626 δμοῦ
449 569 482 610 τε
502 547 541 630 τῇ
560 548 601 632 γῇ
621 543 706 631 πάση
727 544 783 609 καί
800 546 838 629 τῇ
857 538 1006 629 θαλάσσῃ
1025 541 1366 624 συμπαρεκτείνεσθαι.

274 641 320 729 μὴ
337 635 393 709 οὖν
415 639 564 709 ἀπατάτω
584 628 622 709 σε
643 638 737 708 τουτί
755 637 967 727 φαινόμενον,
988 640 1071 725 μηδὲ
1087 647 1246 722 πηχυαῖον
1265 638 1365 703 osium

275 737 358 808 siuns
389 738 518 824 νόμιζε·
572 741 594 827 ἧ
621 738 683 827 γάρ
715 733 791 821 ὄψις
821 736 912 822 ἡμῶν
942 742 1198 823 ἐνδαπανηθεῑσσ
1226 740 1270 826 τῷ
1290 740 1365 820 ἀέρι

195 852 224 907 Ρ.
234 862 268 902 αα
276 841 449 907 κάντεῦθεν
467 841 606 927 ἐξίτηλος
624 848 772 925 γεγονυῖα
789 838 870 922 πρὸς
889 836 947 921 την
968 838 1084 921 ἀκριβῆ
1102 835 1283 921 κατάληψιν
1300 834 1396 901 tuso

277 936 446 1024 ὁρωμένων
469 938 528 1003 osis
549 943 682 1025 ἐξαρκεῖ.
725 941 791 1003 κατ’
813 934 959 1022 ἔκπληξιν
979 934 1088 1001 λοιπόν
1108 936 1165 1000 καί
1186 933 1265 999 κατά
1287 933 1366 1018 ου’γ·

276 1061 380 1121 κρισιν
392 1040 492 1121 μέγαν
511 1039 639 1104 ἐκάλεσε
655 1038 711 1103 τὸν
732 1030 823 1123 ἥλιον
842 1035 862 1120 ἦ
878 1035 999 1122 γραφη.
1024 1030 1084 1119 ὅρα
1104 1032 1167 1117 γάρ
1188 1029 1237 1100 ὅτι
1255 1034 1312 1098 καί
1322 1033 1363 1099 τά

277 1134 354 1223 κη’τη
369 1137 410 1201 τά
428 1132 551 1218 μεγάλα
576 1135 700 1221 μεγάλα
720 1129 847 1219 εἶπενὴ
874 1138 981 1220 γραφη
1006 1133 1067 1217 οάχ
1091 1128 1138 1197 δτι
1158 1134 1286 1216 καρίδος
1309 1134 1366 1197 καί

275 1236 421 1318 μαινίδος
441 1232 573 1319 μείζονά
592 1238 683 1316 εἰσιν,
696 1236 771 1301 ἀλλ’
789 1230 839 1299 δτι
854 1232 1015 1319 μεγίστοις
1035 1236 1179 1299 ἐοίκασιν
1198 1224 1286 1319 ὄρεσι
1307 1232 1366 1315 τῆς

276 1332 434 1419 θαλάττης
454 1331 603 1411 πολλάκις
627 1330 901 1421 tarmonem(
924 1336 979 1399 καί
991 1336 1137 1418 ἐποίησεν
1158 1330 1175 1395 δ
1197 1329 1271 1407 θεὸς
1290 1330 1366 1408 τούς
1380 1356 1418 1396 ιο

277 1438 451 1522 φωστῆρας
472 1430 548 1509 roric
572 1434 740 1517 μεγάλους.
795 1430 852 1497 καί
877 1434 945 1508 πῶς
963 1432 1024 1517 γάρ
1048 1435 1090 1495 σί
1105 1430 1239 1515 μέγαςά
1259 1428 1366 1514 ἥλιος,

278 1532 343 1616 εἴγε
363 1531 419 1597 καί
447 1535 502 1617 τῆς
528 1534 586 1617 γῆς
615 1532 716 1617 ᾱάτῆς
745 1534 991 1598 πολλαπλασίαν
1010 1532 1099 1613 ἀσιίς
1118 1533 1175 1596 καί
1191 1527 1253 1616 γάρ
1273 1532 1303 1595 εἰ
1321 1528 1367 1614 μη

278 1632 367 1699 τοῦτο
386 1628 566 1715 ε’τάγχανεν,
588 1631 645 1696 osis
667 1627 706 1699 διν
726 1630 924 1718 ὑπερφανεὶς
946 1633 1004 1697 τοῦ
1028 1630 1187 1715 ὁρίζοντος
1210 1634 1250 1719 τῇ
1269 1630 1368 1717 σίκείηι

278 1734 448 1817 τηνικαῦτα
471 1728 606 1813 δυνάμει
628 1734 879 1817 συμπεριείληφε
898 1730 1074 1810 ξύμπαντα.

250 1841 272 1892 Β
361 1830 461 1913 Μέγα
494 1833 573 1911 μέν,
604 1825 648 1907 ὥς
669 1832 877 1917 προείρηται,
898 1833 955 1894 καί
971 1827 1006 1894 τὰ
1027 1832 1084 1914 τῆς
1104 1828 1236 1914 σελήνης
1255 1830 1417 1909 ouium&

279 1930 335 1994 καί
358 1924 536 2015 φανάτατόν
554 1952 590 2014 γε
608 1927 691 2011 μετά
712 1928 769 1997 τάν
788 1926 886 2014 ἥλιον.
928 1930 960 1994 εἰ
979 1927 1040 2014 γάρ
1062 1927 1118 1994 καί
1135 1928 1179 2013 μη
1200 1930 1309 1993 διόλου
1329 1925 1367 1991 ssi

279 2031 349 2116 φῶς
370 2026 470 2112 αάτῆς
489 2028 718 2113 ἀμετακίνητον
736 2030 842 2112 μίνει,
868 2024 948 2094 ἀλλά
969 2032 1026 2093 καί
1038 2032 1131 2094 τοῦτο
1152 2024 1293 2113 ἀρρήτου
1313 2050 1370 2091 σο-

280 2131 359 2213 φίας
382 2128 439 2193 τοῦ
474 2129 670 2213 δημιουργοῦ
697 2127 824 2195 πάντων
830 2179 840 2210 ,
871 2125 954 2195 ἀν’στε
983 2132 1025 2216 τῷ
1046 2126 1125 2193 κατά
1158 2126 1217 2211 την
1236 2124 1371 2212 σεληνην

278 2226 419 2308 θεάματι
452 2221 664 2293 παιδεύεσθαι
692 2228 778 2313 ἡμᾶς
797 2224 838 2293 τά
871 2226 1009 2312 ἡμέτεροι
1029 2229 1065 2293 δὲ
1088 2229 1216 2311 καὶτῆς
1237 2229 1371 2310 ταχείας

278 2330 341 2392 τῶν
362 2324 575 2411 ἀνθρωπίνων
607 2330 798 2412 περιτροπῆς
829 2328 974 2393 ἐντεῦθεν
992 2329 1039 2402 εἰς
1056 2324 1181 2393 ἔννοιαν
1199 2324 1420 2411 ingeniosae

280 2422 370 2509 οἶμαι
395 2428 431 2492 tt
464 2424 520 2493 καὶ
549 2427 589 2515 τῇ
608 2430 672 2493 τάν
692 2429 781 2508 ζάοαν
800 2429 980 2515 κατασκευῇ
1007 2425 1146 2503 καὶτοῖς
1166 2433 1285 2501 λοιποῖς
1304 2434 1370 2501 τοῖς

280 2525 343 2591 ἀπὸ
379 2527 437 2610 γῆς
464 2529 636 2612 φυομένοις
654 2523 699 2614 μη
730 2523 850 2613 μικράν
876 2524 1034 2613 ὑπάρχειν
1060 2528 1096 2594 ἐκ
1124 2528 1182 2613 της
1209 2522 1288 2591 κατά
1311 2522 1371 2611 την

280 2762 420 2833 proiectus
439 2762 473 2816 ab
492 2764 525 2817 iis
543 2754 674 2835 splendor
686 2764 793 2817 coelum
805 2764 892 2834 ipsum
906 2764 1066 2817 collustrare
1083 2764 1171 2833 possit
1187 2770 1216 2817 et
1233 2768 1311 2826 εἰπε,
1330 2764 1370 2814 si-

280 2835 393 2904 mulque
418 2842 505 2887 semet
524 2835 559 2888 ed
577 2844 675 2888 terram
707 2853 739 2887 ac
757 2852 830 2887 marc
847 2842 935 2886 totum
956 2837 1100 2905 porrigere.
1119 2843 1289 2905 quapropter
1304 2850 1370 2885 care

279 2920 316 2958 ne
333 2906 536 2975 persuasionem
563 2904 598 2958 de
618 2905 670 2958 hoc
687 2905 778 2958 sidere
807 2906 902 2957 falsam
918 2908 1057 2976 sequaris,
1086 2923 1139 2957 nec
1154 2904 1371 2975 magnitudinem

281 2976 341 3028 eius
360 2991 419 3027 esse
437 2975 583 3029 cubitalem
604 2978 750 3029 existimes.
770 2978 871 3029 etenim
891 2977 1034 3047 adspectus
1052 2985 1146 3030 noster
1162 2979 1192 3029 in
1211 2982 1275 3028 atre
1294 2976 1374 3026 velut

281 3044 438 3115 absumptus
456 3064 487 3099 uo
514 3047 668 3100 deminutus
696 3048 731 3099 nd
758 3047 1027 3117 comprehensionem
1046 3049 1172 3112 illorum,
1200 3064 1272 3116 qnae
1289 3063 1373 3115 supra

281 3132 331 3169 nos
350 3117 546 3187 conspicimus,
564 3118 776 3189 haudquaquam
799 3118 908 3171 sufficit.
938 3119 1032 3188 itsque
1049 3119 1157 3171 litterae
1177 3134 1270 3169 uerae
1286 3118 1373 3169 solem

281 3188 1375 3325 tttttrittatttritt‘iiittttttit⁸t:ttt.t;tt:;⁰tt;::;

282 3337 395 3393 vocant,
424 3348 479 3382 non
508 3330 583 3400 quod
606 3330 663 3383 vel¹
678 3333 780 3403 squilla
798 3332 842 3383 rel
871 3330 965 3383 halece
990 3331 1106 3382 maiores
1125 3330 1198 3393 sint,
1231 3328 1281 3381 sed
1298 3327 1375 3398 quosi

283 3399 421 3452 montibus
440 3402 524 3454 etism
541 3403 663 3455 maximis
682 3404 737 3456 sint
754 3402 919 3465 consimiles,
936 3418 997 3453 cum
1009 3402 1040 3453 in
1059 3400 1203 3469 superficie
1221 3400 1304 3451 msris
1323 3416 1376 3449 na-

283 3477 353 3522 tent.
371 3472 473 3524 creavit
491 3488 553 3541 ergo
579 3472 644 3525 deus
662 3473 806 3525 luminaris
829 3488 933 3541 magns.
959 3480 988 3523 et
1005 3487 1062 3541 quo
1085 3480 1165 3540 pacto
1183 3470 1225 3521 eol
1243 3486 1299 3521 non
1316 3486 1376 3520 ma.

286 3557 354 3611 gaus
369 3543 412 3604 sit,
429 3542 453 3594 si
473 3542 585 3614 quidem
604 3560 666 3595 enm
682 3544 777 3596 multis
793 3552 866 3595 terra
883 3541 1005 3613 partibus
1024 3558 1082 3594 esse
1100 3542 1230 3593 maiorem
1248 3540 1378 3592 constat?

284 3628 348 3664 nam
367 3611 471 3683 ubsque
500 3614 657 3679 inoleret,
685 3632 742 3667 non
759 3632 839 3685 supra
866 3613 997 3665 circulum
1015 3613 1152 3666 finitorem
1171 3620 1332 3682 conspectus
1348 3610 1377 3663 ui

288 3699 337 3736 sua
355 3692 453 3736 cuncta
472 3686 706 3755 complecteretur.

356 3752 454 3807 Itidem
483 3763 516 3807 ut
546 3756 628 3807 modo
645 3755 849 3820 iudicabamus,
868 3755 950 3806 lnnse
976 3758 1086 3823 quoque
1104 3768 1201 3821 corpus
1218 3754 1313 3821 ingene
1334 3760 1378 3805 est

285 3825 481 3878 sesecundum
498 3825 584 3879 solem
595 3826 797 3881 lucidissimum.
816 3844 879 3877 num
898 3826 973 3895 quod
990 3825 1039 3876 lox
1057 3824 1117 3875 eius
1133 3840 1189 3876 non
1200 3840 1308 3894 prorsus
1326 3823 1380 3874 ins-

285 3893 397 3948 mobilis
423 3905 481 3960 est,
498 3896 528 3948 id
554 3914 618 3949 vero
644 3897 679 3949 ati
698 3898 860 3966 sapientiam
885 3896 961 3947 iliam
980 3912 1070 3948 rernm
1088 3894 1193 3963 opificis
1210 3894 1378 3945 ineffabilem

286 3964 381 4017 referri
399 3966 491 4019 debet
508 3967 633 4037 adeoque
653 3970 745 4019 lunam
768 3969 952 4037 inspectantes
970 3966 1006 4019 sle
1027 3983 1115 4018 rerum
1133 3974 1285 4017 nostrarum
1303 3973 1379 4015 statu

288 4042 317 4087 et
335 4034 495 4090 conditione
518 4054 569 4091 nos
593 4038 696 4090 erudiri
722 4040 855 4102 aciamus,
886 4046 918 4090 ut
938 4038 1001 4089 hinc
1017 4037 1114 4090 moniti
1133 4035 1168 4087 de
1186 4036 1268 4088 celeri
1287 4050 1379 4087 rerem

287 4102 467 4159 humanarum
494 4110 634 4161 eversione
660 4110 817 4176 cogitemus.
845 4126 1000 4180 quanquam
1037 4114 1178 4177 praeterea
1202 4122 1259 4158 non
1281 4122 1379 4174 parsum

286 4175 418 4248 prodesse
437 4180 616 4235 mutationem
636 4178 711 4235 illam
727 4181 811 4234 lunae
828 4187 884 4235 tam
904 4180 971 4251 ipsis
990 4175 1176 4233 enimentibus
1189 4193 1271 4248 qaam
1288 4184 1380 4229 caete-
