3000 4859
216 348 219 362 .
294 278 345 367 18
620 296 839 365 utcusms
865 294 1030 363 GLYCAE

287 462 345 529 καί
362 458 456 543 δῆλον
476 456 511 535 ἕξ
530 444 575 519 ὧν
595 448 614 515 ό
630 452 767 532 Ἡσαΐας
787 453 886 541 φησίν
907 450 946 535 „d
967 442 1219 536 σειρεόσαςτόν
1238 443 1379 535 οάριινδν

287 560 367 627 duci
392 550 539 622 ταπνόν.”
581 552 732 629 όσαόιως
758 556 816 618 καί
842 548 878 619 τό
908 547 998 635 ὕδωρ
1023 545 1103 614 αάτό
1132 542 1248 633 ἀραιόν
1265 570 1301 615 τε
1323 548 1382 613 καί

284 656 428 745 μαλακόν
444 654 526 743 πρός
546 650 626 719 αάτό
649 649 891 741 συγκρινόμενον
909 650 944 718 τό
966 652 1139 734 στερέωμα.

362 758 399 824 ‘O
417 759 477 841 μὲν
499 746 556 819 σόν
584 754 731 837 Ἰώσηπος
753 755 788 819 ἐν
807 754 848 839 τῇ
873 754 944 815 κατ’
965 745 1064 815 ου’τόν
1082 747 1290 836 ἀρχαιολογιρ
1312 768 1378 832 φη..

284 862 337 927 σίν
355 853 404 923 ότι
435 851 470 921 τό
507 856 673 939 στερέωμα
700 848 897 939 παραγαγοόν
925 846 1041 924 όθεός
1072 842 1270 931 νρόσταλλον
1292 844 1408 933 υάτρῖὅ

283 960 470 1041 περιὲπηξε,
493 952 595 1019 νότιόν
619 978 651 1019 τι
673 952 728 1019 καί
746 952 882 1029 ἀετῶδες
902 946 983 1036 πρός
1004 948 1062 1033 την
1083 946 1146 1013 ἀπό
1167 947 1232 1012 τῶν
1253 941 1379 1033 δρόσων

285 1058 443 1145 ἀφέλειαν
473 1054 634 1141 ἁρμοδίως
664 1050 742 1118 αάτό
773 1053 812 1141 τῇ
840 1056 882 1140 γῇ
902 1046 1134 1135 ἐμηχανήσατο.
1176 1047 1235 1112 ode
1255 1044 1323 1130 ἔχει
1342 1048 1380 1111 δὲ

285 1154 342 1223 aad
360 1152 401 1220 τοὶ
436 1158 491 1240 τῆς
515 1154 686 1238 ἀληθείας,
718 1148 762 1229 σός
785 1148 893 1235 οἶμαι,
922 1148 1002 1215 κατὰ
1033 1146 1084 1215 τόν
1105 1146 1228 1215 ἐκείνου
1248 1144 1378 1213 σκοπόν.

255 1261 367 1333 οτίνος
387 1258 511 1337 ἓνεκενς
545 1248 594 1319 ότι
626 1250 738 1340 δρόσοι
768 1253 825 1320 καί
844 1250 935 1318 όετοί
966 1247 1087 1333 πόχναι
1109 1272 1144 1315 τε
1164 1249 1220 1313 καί
1236 1245 1379 1331 χάλαζαι

283 1357 339 1421 καί
355 1353 463 1437 χιόνες
493 1352 526 1433 ἐξ
554 1345 804 1433 ἀναθυμιάσεως
824 1351 966 1433 λέγονται
985 1349 1047 1414 τόν
1077 1349 1154 1429 περί
1171 1351 1231 1432 γῆν
1253 1344 1380 1411 όδότων
1393 1374 1433 1415 10

282 1457 508 1520 συνιοτοισθαι.
548 1455 603 1517 καί
624 1448 763 1537 πρόσεχε
783 1454 827 1539 τῷ
844 1450 972 1541 μεγάλφ
986 1450 1147 1537 Βαοιλείιρ
1167 1442 1242 1531 περί
1260 1444 1380 1510 τοότων

283 1546 383 1631 οότως
402 1553 436 1618 ἐν
457 1555 497 1640 τῇ
511 1548 674 1640 ἓξαημὲριρ
694 1550 792 1615 αὐτοῦ
812 1549 967 1628 διεξιόντι.
991 1546 1093 1633 ,καλὴ
1115 1550 1176 1631 μὲν
1197 1536 1255 1613 οόν
1274 1546 1296 1633 ἡ
1316 1548 1379 1609 θά-

283 1650 387 1719 λασσό
415 1653 499 1735 ἐστι,
528 1655 583 1717 καί
609 1645 660 1716 ότι
686 1658 754 1727 τοῖς
776 1650 898 1735 ἀερίοις
924 1644 1041 1715 όδασιν
1061 1646 1148 1734 ἀρχή
1167 1649 1215 1723 τίς
1235 1649 1302 1713 εὀτι
1323 1642 1382 1710 καί

281 1752 386 1837 πηγή,
417 1752 603 1835 θαλπομόνη
624 1754 683 1833 μὲν
705 1752 744 1837 τῇ
765 1751 867 1815 ἀκτῖνι
898 1751 956 1815 τοῦ
972 1748 1085 1833 ἡλίου,
1108 1748 1321 1829 ἀποτιθεμένη
1342 1747 1379 1809 δὲ

281 1849 317 1917 τό
338 1849 452 1919 λεπτόν
483 1853 541 1917 τοῦ
572 1846 690 1927 diacos
714 1849 769 1915 διό
801 1852 865 1915 τεόν
883 1850 1013 1932 ἀτμῶν·
1058 1844 1136 1933 ὅπερ
1158 1843 1312 1913 ἓλκυοθὲν
1332 1848 1434 1922 εἶςιὸ

281 1949 335 2018 τόν
355 1944 421 2017 ἀνω
454 1949 567 2032 τόπον,
600 1944 670 2015 εἶτα
692 1951 902 2034 καταψυχθὲν
932 1949 987 2014 διὰ
1010 1948 1046 2015 τό
1076 1944 1273 2033 ὑψηλότερον
1292 1948 1380 2031 μενέ-

281 2055 362 2118 σθιτι
392 2056 450 2137 τῆς
476 2048 540 2117 ἀπό
565 2052 621 2116 sod
652 2047 795 2137 ἐδάφους
828 2046 1032 2125 ἀνακλάσεως
1061 2043 1382 2128 cordatissimus*

281 2148 360 2234 δμοῦ
381 2154 438 2235 τῆς
460 2152 495 2216 ἐκ
515 2152 573 2215 τοῦ
594 2150 711 2236 νέφους
735 2154 826 2224 σκιαῖς
843 2146 902 2232 τὴν
922 2152 1020 2230 ψῦξιν
1040 2144 1271 2231 ἐπιτεινούσης,
1286 2141 1381 2219 όετδς

246 2252 401 2333 ῃγίνεται
427 2248 484 2315 καί
504 2247 623 2315 πιαίνει
650 2246 707 2333 τήν
724 2251 808 2335 μηνί
862 2248 918 2314 καί
935 2244 1058 2332 μόρτυς
1077 2242 1381 2331 τῶνλεγομόνωνό

236 2374 239 2383 ·
282 2351 448 2437 προφήτης
478 2342 587 2431 Ἀμοός
617 2352 715 2433 λέγων
745 2346 875 2433 ,μόρους
911 2346 928 2413 δ
962 2351 1061 2413 ποιῶν
1081 2344 1187 2414 πάντα
1207 2345 1263 2411 καί
1278 2368 1438 2427 μετα·αο

281 2451 463 2531 στενάζων,
494 2449 511 2513 δ
531 2446 654 2533 ἀνόμων
681 2447 714 2515 τό
736 2446 824 2533 ὕδωρ
844 2452 899 2533 τῆς
915 2447 1083 2533 θαλάσσης
1104 2446 1161 2514 καί
1178 2447 1296 2531 ε’κχέων
1316 2446 1380 2511 ου’-

282 2547 319 2613 τό
334 2551 389 2613 ε’πί
409 2550 577 2633 πρόσωπον
597 2553 652 2630 τῆς
671 2550 756 2633 μῆς.”
799 2543 850 2613 ότι
877 2549 912 2613 δὲ
932 2546 968 2613 τό
990 2546 1175 2636 λεπτότερόν
1192 2570 1227 2613 τε
1246 2548 1303 2611 καί
1320 2568 1380 2609 πο-

359 2740 385 2794 6.
405 2748 469 2793 ante
487 2738 589 2796 νότιόν
607 2738 678 2791 adde
696 2741 746 2793 ναλ
763 2736 838 2794 odeo
858 2740 904 2793 vel
919 2741 1008 2793 simile
1025 2739 1102 2811 qnid.

286 2937 345 2975 esse
362 2918 491 2971 subtilius
509 2916 648 2988 quoddam
666 2935 810 2989 corpusne
826 2920 930 2990 purius.
948 2926 1043 2991 patere
1059 2915 1170 2972 videtur
1187 2918 1217 2971 id
1235 2916 1270 2969 de
1288 2918 1381 2973 serbis

286 2992 380 3043 Esaiae
399 2990 455 3075 (51)
475 2988 591 3042 dicentis
614 2991 681 3060 „qui
704 2992 813 3043 coelum
836 2990 912 3043 fumo
942 2990 1083 3043 consimile
1109 2988 1268 3043 stabilivit”
1294 2990 1334 3041 sic
1351 3001 1383 3044 et

285 3078 383 3132 squam
401 3078 486 3129 ipsam
506 3078 593 3113 ruram
614 3061 780 3131 mollemque
799 3080 860 3115 cuns
878 3062 1048 3116 condidisset
1069 3061 1152 3126 deus,
1169 3060 1205 3114 ad
1225 3062 1383 3114 firmamen-

285 3141 344 3185 tum
362 3131 501 3197 collstam,
520 3132 581 3201 gelu
601 3133 627 3183 ei
648 3132 842 3197 circumdedit,
860 3150 892 3185 ac
908 3132 1049 3186 humidam
1067 3140 1150 3202 atque
1190 3131 1291 3183 lusiam
1316 3132 1383 3185 red-

286 3202 373 3326 didit,
391 3211 422 3255 ut
443 3210 531 3255 tersae
550 3202 645 3257 usibus
663 3212 755 3275 aptam
781 3202 912 3270 efficeret,
931 3221 1003 3275 quoe
1023 3204 1058 3257 de
1076 3220 1139 3255 rore
1154 3150 1304 3272 plurinum
1323 3204 1383 3256 uti-

299 3274 372 3327 itotis
390 3290 418 3326 ca
441 3276 472 3329 it.

357 3344 400 3397 llo
416 3292 473 3396 don
489 3342 556 3395 haee
574 3344 613 3397 ite
625 3360 654 3396 se
671 3360 701 3396 re
717 3360 781 3398 vera
794 3342 919 3399 habent?
937 3361 1011 3397 rores
1033 3350 1105 3396 certe
1124 3359 1155 3394 sc
1169 3341 1287 3406 imbres,
1303 3342 1383 3414 prui-

287 3432 353 3480 nae,
373 3415 533 3483 grandines,
562 3416 638 3467 nives
660 3414 694 3467 de
713 3433 846 3485 aquarum
863 3417 1032 3469 terrestrium
1049 3414 1223 3467 exhalatione
1241 3415 1306 3465 orici
1324 3424 1383 3468 tra-

288 3486 398 3539 duntur.
418 3496 500 3556 atque
529 3482 591 3537 heic
616 3486 684 3537 mihi
710 3487 801 3557 magni
817 3487 912 3539 Basilii
937 3484 1026 3539 verbis
1046 3484 1198 3550 attendito,
1217 3486 1265 3556 qui
1285 3484 1319 3537 de
1336 3486 1383 3539 his

288 3556 341 3609 hoc
358 3556 438 3609 modo
464 3556 574 3609 disserit
600 3573 633 3609 eo
652 3555 725 3610 libro
755 3574 836 3628 quem
855 3556 890 3609 de
915 3574 963 3608 sex
979 3558 1126 3627 primorum
1152 3554 1268 3609 abortu
1284 3556 1383 3609 mundi

290 3626 394 3681 dierum
412 3628 539 3699 operibus
558 3630 717 3698 composuit
729 3628 882 3700 pulchrum,
893 3628 941 3692 ait,
959 3626 1090 3697 quiddam
1101 3636 1144 3680 est
1160 3644 1235 3679 mare
1247 3627 1291 3679 uel
1300 3644 1332 3679 es
1344 3626 1382 3679 de

290 3717 378 3763 causa,
391 3698 466 3783 quod
474 3699 638 3769 principium
654 3708 682 3751 et
699 3700 760 3751 lons
774 3708 816 3753 est
825 3699 958 3753 aeriarum
970 3714 1109 3768 aquarum.
1122 3700 1224 3769 quippe
1235 3716 1294 3750 cnm
1306 3714 1322 3747 a
1336 3716 1384 3749 raf-

291 3770 344 3823 diis
357 3770 422 3822 solus
436 3768 585 3833 incalescit,
596 3787 645 3840 per
658 3770 847 3823 exhalationes
862 3787 958 3841 aquom
972 3786 1047 3820 suem
1060 3770 1246 3823 tenuissimam
1264 3768 1384 3835 amittit3

291 3858 363 3913 quae
381 3842 521 3925 superiora
542 3842 570 3891 in
587 3840 648 3892 loca
667 3840 759 3895 ‹lelnta
777 3842 931 3911 frigoreque
958 3840 1119 3904 constricta,
1143 3849 1287 3911 propterea
1305 3838 1384 3909 quod

289 3912 320 3964 in
347 3910 464 3963 sublime
491 3918 603 3963 attracta
623 3912 730 3981 longius
748 3922 807 3965 tum
826 3930 841 3963 a
861 3920 933 3963 terra
951 3918 1009 3963 tum
1026 3911 1155 3965 solarium
1172 3910 1309 3963 radiorum
1326 3912 1384 3962 sss-

289 3982 380 4035 etione
408 3982 493 4045 absit,
522 3983 580 4051 ipsa
609 3984 691 4035 etiam
718 3983 800 4036 nubis
821 3982 917 4034 umbro
934 3982 1016 4053 frigus
1040 3981 1202 4035 intendente
1225 3980 1257 4033 fit
1274 3981 1382 4051 pluvia,

288 4062 444 4124 terramque
465 4052 651 4105 fecundiorem
679 4053 777 4107 reddit
794 4052 848 4105 hoo
865 4062 941 4107 vates
958 4056 1073 4109 Amosns
1092 4054 1132 4137 (62
1149 4069 1242 4105 verum
1261 4068 1320 4103 esse
1337 4061 1382 4105 te-

289 4132 394 4188 statur,
422 4142 483 4177 cum
512 4124 603 4193 inquit
623 4124 768 4189 „dominus
794 4133 836 4177 est
861 4126 910 4195 qui
929 4132 958 4179 et
975 4126 1043 4179 lacit
1067 4133 1095 4177 et
1121 4124 1383 4177 unmutatvicissim

290 4196 396 4264 omnia3
414 4195 462 4269 qui
483 4210 581 4267 aquam
600 4197 729 4251 murinum
748 4213 853 4251 sursum
870 4197 980 4269 attolit,
1003 4206 1033 4251 et
1051 4212 1110 4249 eam
1132 4194 1162 4249 in
1176 4201 1266 4249 tersa
1285 4210 1383 4265 supet-
