3000 4859
282 305 363 428 ¹94
607 334 824 402 alemans
853 328 1017 395 cuncta

275 498 423 579 avaritae,
444 492 643 576 παραχρῆμα
657 490 855 571 παραδείσου
876 486 1034 569 ἐξύριοτος
1054 487 1180 564 γίνεται.
1196 484 1230 546 τί
1247 482 1282 547 τύ
1308 482 1361 546 ἐπί

276 594 414 671 τούτοιςς
435 591 465 656 oi
483 594 540 674 τῆς
560 593 670 671 ψυχῆς
689 578 790 653 αύτού
803 588 1012 667 ύιανοίγονται
1033 582 1207 669 ὀφθαλμοί,
1229 574 1364 645 rainsui-
1414 642 1421 655 ,

275 699 335 759 θεν
360 688 420 779 duci
445 692 597 775 καθαροῖς
626 682 692 754 οἷον
719 681 949 769 dyonisium
969 682 989 768 ἦ
1013 685 1068 767 τῆς
1087 682 1212 763 ἐντολῆς
1233 676 1357 765 φύλακι]

179 797 206 863 P.
221 791 331 862 sonaci
354 781 430 856 ὅσον
450 783 549 866 αύθις
568 786 664 853 κακὸν
685 784 704 871 ῆ
724 783 841 871 ταύτης
860 780 1049 869 παράβασις.
1072 784 1146 847 ούύὲ
1158 780 1226 864 γὰρΙ
1239 779 1274 845 τύ
1296 804 1360 866 φυ-

274 890 329 959 τὸν
358 894 474 969 ἐκεῖνο,
506 889 592 953 καθά
614 910 711 973 φησιν
736 882 886 968 Ἰιύσηπος
920 884 976 948 καί
1005 886 1162 962 Νεμέσιος
1191 878 1208 943 ὅ
1236 880 1391 963 Ἐμέσηςὸ

273 992 457 1071 ἐπίσκοπος,
485 984 635 1071 τοιαύτην
656 982 722 1069 εἶχε
748 983 847 1071 φύσιν
879 978 961 1047 ούστε
993 990 1058 1057 τοῖς
1087 978 1272 1059 ἁπτομένοις
1300 976 1362 1041 αύ-

273 1094 334 1155 cosi
357 1088 512 1175 φρόνησιν
533 1088 651 1151 ἐνιέναι
682 1087 741 1149 τού
760 1081 795 1148 τύ
818 1080 915 1147 καλὸν
936 1082 1052 1147 εἰδέναι
1069 1083 1127 1143 καί
1144 1073 1291 1161 πονηρόν.
1332 1078 1365 1142 εἰ

272 1187 334 1274 γὰρ
358 1186 452 1266 ξύλον
483 1183 563 1251 αύτύ
591 1183 735 1267 γνώσεως
761 1182 782 1266 ῆ
809 1180 884 1263 ύγίοι
913 1178 1121 1261 κατονομύζτι
1141 1176 1268 1264 γραφη,
1292 1176 1361 1241 α’λλ·

226 1294 231 1303 ’
273 1282 312 1353 ού
330 1285 384 1353 διὰ
412 1288 507 1351 τούτο
538 1283 595 1349 καί
624 1283 771 1367 τοιαύτην
804 1276 883 1345 adad
917 1278 1086 1363 κεκτῆσθαι
1107 1278 1243 1359 δύναμιν
1266 1272 1362 1340 εἴποι-

273 1411 343 1471 μεν.
386 1388 453 1449 αλλ’
474 1382 584 1467 instit}
609 1386 686 1466 περὶ
703 1378 783 1447 adad
810 1384 917 1464 γέγονε
938 1381 993 1462 τῆς
1021 1379 1146 1461 ἐντολῆς
1168 1372 1188 1460 ῆ
1213 1370 1414 1461 nuptilia-ro

271 1510 341 1564 σις,
364 1488 419 1548 καί
450 1482 619 1559 ἐξέκείνου
638 1480 747 1545 λοιπὸν
770 1480 937 1564 ἐπεισῆλθε
956 1482 1013 1563 τῆς
1032 1474 1189 1561 ἁμαρτίας
1208 1476 1228 1560 ἧ
1248 1478 1362 1559 γνῶσις

273 1583 329 1649 καί
348 1579 500 1665 αἰσχύνη,
525 1579 579 1645 aad
601 1583 690 1645 τοῦτο
711 1577 770 1661 τῆν
792 1580 975 1658 ἐπωνυμίαν
995 1574 1114 1659 ταύτην
1132 1574 1266 1651 ἐύέξατο.
1287 1571 1362 1649 ἔθος

273 1684 335 1765 γὰρ
356 1684 396 1769 τῇ
417 1677 491 1770 ἁγία
512 1684 622 1766 γραφῇ
642 1680 677 1743 ἐκ
708 1682 772 1743 τῶν
795 1676 1033 1757 συμβαινόντων
1052 1672 1245 1759 πραγμάτων
1264 1675 1363 1738 ἐπιτι-

228 1784 369 1848 Ιλιθίναι
396 1779 453 1843 καὶ
479 1778 520 1845 τὰ
550 1777 700 1857 ὀνόματα.
753 1775 808 1840 καί
834 1766 933 1839 citrove
962 1773 998 1839 τί
1014 1796 1112 1859 φησιν
1133 1774 1188 1837 ἐπὶ
1204 1766 1362 1846 τούτοιςύ

272 1875 510 1965 χρυσορρῆμοοτ
533 1874 691 1960 Ἰωάννης.
745 1876 800 1957 „s'a
820 1870 926 1961 ἐρῆμηι
953 1874 1012 1953 μία
1031 1869 1112 1955 πηγῆ
1133 1866 1222 1951 ὕδωρ
1244 1873 1416 1937 civitio-15

272 1982 344 2063 γίας
362 1978 497 2062 ἐκλήθη,
520 1976 583 2058 adl
602 1972 651 2040 ὅτι
672 1971 820 2059 τοιαύτην
841 1969 907 2055 εἶχε
929 1970 1027 2059 φύσιν
1048 1965 1127 2037 sicar
1149 1972 1226 2047 τούς
1248 1970 1282 2047 ἐξ
1302 1969 1362 2033 αύ-

271 2082 328 2162 τῆς
352 2077 550 2161 ὀρινομένους
570 2078 615 2152 είς
636 2074 814 2157 ἀπολογίας
835 2070 935 2147 εύθύς
954 2072 1225 2156 μετατρέπεσθαι·
1254 2071 1286 2133 εἰ
1300 2067 1363 2152 yda

267 2159 362 2244 τούτο
383 2170 439 2261 ἧν,
455 2176 512 2239 καί
539 2173 637 2250 αύτύς
660 2176 786 2256 Μωσῆς
809 2174 843 2250 ἐξ
856 2171 972 2254 ἐκείνης
993 2162 1299 2235 andnimands
1320 2168 1366 2255 τῷ

272 2279 350 2363 θεῷ.
390 2273 537 2359 καθάπερ
559 2266 616 2338 σύν
637 2272 658 2358 ῆ
678 2269 761 2357 πηγῆ
792 2272 894 2354 ἐκείνη
915 2272 954 2333 ού
977 2266 1063 2353 παρὰ
1084 2266 1142 2352 τῆν
1165 2270 1282 2333 οἰκείαν
1301 2264 1367 2352 φύ-

274 2400 347 2455 σιν,
375 2374 463 2457 noo&
496 2376 532 2438 δὲ
560 2369 617 2456 τῆν
648 2374 697 2435 ἐπ’
725 2370 806 2457 αὐτῇ
836 2370 1002 2453 γενομένην
1022 2366 1189 2432 α’πειθειαν
1208 2370 1264 2431 τοῦ
1285 2370 1421 2433 lucano

274 2468 364 2556 iton
388 2472 564 2555 ἀπολογίας
583 2469 720 2554 ἐκλήθη,
742 2464 826 2535 odam
846 2470 901 2531 καί
926 2466 963 2532 ad
987 2465 1090 2553 φυτὸν
1112 2468 1208 2532 ἐκεῖνο
1227 2462 1263 2529 τύ
1284 2489 1366 2547 γνω·

275 2569 352 2637 στὸν
370 2573 471 2635 καλοῦ
486 2574 543 2635 καί
560 2575 700 2654 πονηροῦ
721 2571 762 2632 ου’
783 2569 898 2651 γνῶσιν
918 2563 1011 2650 εἶχεν,
1032 2566 1101 2631 ἀλλ’
1121 2562 1240 2642 ύτιπᾶς
1259 2565 1366 2648 ἆμαρ-

276 2666 380 2737 sima
398 2670 445 2745 εἰς
464 2670 580 2751 γνοῦσιν
599 2667 728 2760 ἔρχεται
747 2670 807 2732 τοῦ
825 2668 944 2732 εἰδέναι
967 2662 1019 2734 dra
1033 2662 1130 2732 καλὸν
1149 2654 1208 2749 μὲν
1226 2660 1261 2731 τὸ
1281 2662 1367 2731 dna·

349 2836 390 2877 ιο.
408 2816 498 2875 ciceri
516 2820 544 2873 P.

278 2966 409 3018 contiuuo
427 2965 517 3017 nudus
533 2964 769 3037 efficitrrr,·deqne
785 2964 911 3036 paradiso
932 2962 1084 3037 expellitur.
1103 2964 1170 3036 quid
1191 2964 1255 3017 inde
1274 2965 1369 3035 requii-

278 3036 344 3088 tur?
369 3038 528 3104 aperiuntur
556 3038 640 3089 aniani
660 3038 719 3089 cius
738 3038 825 3101 oculi,
846 3056 901 3108 quo
921 3039 992 3092 lacto
1011 3046 1139 3107 quantum
1166 3036 1267 3087 bonam
1295 3043 1370 3089 casei

279 3107 433 3158 observatio
447 3107 567 3159 mandati
582 3108 720 3177 perspicit,
739 3116 927 3179 quantumque
946 3118 1037 3161 contra
1057 3110 1156 3158 malum
1176 3107 1295 3158 eltrudem
1308 3108 1371 3158 vic-

280 3176 357 3228 latio.
375 3193 427 3228 nec
446 3179 518 3229 cuim
536 3178 616 3229 arbor
636 3180 702 3242 illa,
721 3178 948 3248 quemadmodum
971 3178 1100 3247 Iosephus
1119 3186 1148 3229 et
1163 3178 1304 3229 Nemeeius
1320 3194 1371 3228 an·

280 3248 361 3299 tistcs
378 3248 526 3299 Emesenus
549 3249 700 3313 declarant,
726 3250 862 3301 eiusmodi
889 3259 1012 3301 naturam
1031 3248 1151 3299 habebnt
1167 3257 1199 3300 ut
1218 3264 1251 3299 ex
1271 3264 1300 3299 ae
1319 3248 1370 3298 de-

281 3317 457 3385 cerpentlbus
476 3319 585 3373 inderet
610 3321 797 3389 prudentiam,
824 3336 878 3389 qun
896 3320 998 3370 Ιτουυιυ
1015 3334 1046 3369 ac
1063 3319 1163 3369 malam
1183 3324 1369 3387 agnoscerent.

282 3388 392 3440 tametsi
416 3388 544 3440 nimirum
570 3390 678 3442 litterae
706 3405 796 3443 sacrae
813 3392 887 3442 illam
914 3391 1044 3443 scientiae
1071 3390 1172 3457 lignum
1193 3397 1370 3458 nuncupant,

282 3473 339 3509 non
364 3459 461 3510 iccirco
488 3460 633 3512 dicendum
660 3459 740 3513 nohis
767 3468 809 3512 est
835 3462 916 3513 talem
941 3462 966 3511 ci
994 3460 1048 3512 vim
1073 3458 1209 3512 adfuisse=
1237 3459 1284 3511 scd
1302 3460 1370 3528 qaia

282 3527 405 3581 mandati
425 3532 602 3599 transgressio
631 3532 660 3582 in
685 3546 718 3581 eo
737 3532 809 3583 iacta
832 3540 890 3593 est,
914 3528 948 3582 de
976 3546 1031 3599 qao
1058 3538 1203 3582 consecuta
1227 3546 1309 3599 porro
1327 3538 1372 3581 est

283 3600 390 3668 peccati
415 3602 518 3667 agnitio
544 3608 626 3670 atque
644 3600 747 3669 pudor,
777 3602 875 3653 iccirco
896 3616 996 3652 nomen
1021 3600 1072 3651 hoc
1096 3602 1203 3652 meruit.
1222 3614 1371 3652 consueve-

283 3678 349 3721 rant
366 3670 439 3721 enim
457 3672 566 3723 litterae
574 3687 666 3722 sacrae
685 3669 719 3721 dc
739 3688 828 3723 rerum
848 3674 952 3723 eventis
970 3672 1079 3724 nomina
1097 3672 1178 3723 etiam
1196 3671 1298 3723 indere.
1319 3688 1371 3721 an·

284 3740 314 3791 di
332 3740 399 3809 quid
416 3740 467 3792 hac
484 3742 608 3811 luparie
625 3740 830 3807 Chrysostomus
849 3742 928 3793 dicat„
956 3758 1025 3794 sinas
1043 3740 1153 3811 quidam
1171 3743 1199 3792 in
1219 3741 1372 3793 solitudine

284 3811 345 3862 ions
361 3810 557 3863 adversationis
577 3827 648 3880 aqua
665 3820 707 3863 est
724 3830 814 3863 nuncu
835 3822 879 3864 ata
891 3812 1035 3883 (Nomio
1057 3814 1107 3880 13),
1127 3828 1182 3863 non
1202 3810 1276 3881 quod
1297 3812 1372 3862 eius-

284 3880 360 3934 modi
377 3891 500 3934 naturnm
523 3880 638 3933 haberet
665 3890 697 3934 ut
714 3899 748 3933 ex
765 3898 794 3935 se
815 3830 972 3935 inorientes
993 3884 1021 3935 in
1042 3892 1149 3935 mutuas
1167 3882 1372 3933 adversatioucs

285 3952 430 4003 excitaret:
447 3967 510 4003 narn
528 3952 552 4002 si
572 3966 614 4003 res
635 3952 675 4003 ita
695 3963 847 4023 comparata
865 3955 970 4016 fuisset,
989 3956 1070 4007 etiarn
1092 3955 1149 4021 ipse
1166 3952 1255 4004 Moses
1274 3952 1372 4004 hausta

285 4023 369 4073 fontis
387 4021 468 4073 lanias
498 4037 569 4090 aqua
596 4020 649 4073 deo
666 4024 881 4075 contradixisset
908 4023 1136 4093 quemadmodum
1160 4038 1223 4091 ergo
1243 4023 1301 4073 laus
1322 4022 1372 4073 ille

284 4108 342 4144 non
362 4108 411 4142 aaa
429 4100 539 4152 natura,
565 4091 614 4143 sed
643 4101 754 4163 propter
773 4094 950 4147 dillideutiam
972 4094 1081 4165 populi,
1106 4110 1185 4163 quam
1209 4108 1270 4161 erga
1289 4092 1372 4144 deam

286 4161 488 4223 declaraverat,
517 4160 713 4215 adversationis
740 4180 811 4233 aqua
835 4174 1005 4233 nuncupatus
1031 4172 1088 4226 cst,
1114 4165 1153 4215 sic
1176 4171 1203 4215 ct
1223 4164 1372 4215 artorius

284 4231 449 4301 cognitionis
476 4232 541 4284 mall
566 4241 649 4304 atque
676 4233 743 4287 bani
768 4242 896 4300 uocatur,
917 4252 972 4289 non
993 4234 1067 4307 quod
1088 4236 1145 4307 ipsa
1164 4234 1303 4289 scientiam
1322 4231 1373 4287 laa-
