3000 4859
213 277 217 283 ·
245 255 326 338 166
411 345 415 353 ,
588 283 807 346 arceamus
837 279 1000 344 caucin

237 435 332 496 πλέον
350 427 473 512 διδάξει
493 453 530 496 σε
557 434 755 514 σαφέστερον
781 425 839 493 dre
863 425 903 513 dr}
934 425 989 493 τόν
1009 428 1086 509 περὶ
1104 426 1215 490 τούτου
1236 420 1327 509 λόγον

238 531 273 594 ἐν
291 535 330 617 τῇ
346 531 445 619 βίβλῳ
465 533 527 595 τοῖν
548 529 744 611 ἀνδριάντων
759 526 956 608 ποιούμενος.
998 527 1107 610 ἐπειδη
1126 523 1188 608 γάρ
1206 522 1241 591 τό
1262 527 1326 590 σοῖ-

238 655 285 709 μα
306 635 400 693 τοῦτο
419 629 563 715 φθαρτόν
585 626 794 712 διασύροντες
816 621 898 712 ἦσαν
920 626 976 692 ἐπί
992 625 1140 692 τοσοότόν
1153 650 1231 702 τινες
1246 621 1325 688 ὥστε

238 726 294 792 κατ’
313 721 440 804 άνάξιον
470 726 550 794 αότὸ
573 734 628 811 τῆς
646 733 703 792 τοῦ
723 731 803 793 θεοῦ
827 729 1035 810 δημιουργίας
1058 727 1225 790 ἀποκαλεῖν
1245 721 1325 808 (ἐλε-

238 849 292 911 γον
315 825 377 909 γάρ
399 826 442 900 uic
466 825 530 910 εἴγε
558 830 689 908 πλάσμα
708 828 770 890 τάν
788 829 886 891 θείων
906 822 1032 911 ἐπῆρχε
1051 829 1186 907 χειροῖν,
1210 826 1265 888 cdx
1283 819 1356 890 άν5

239 921 323 989 οὕτω
343 927 472 1009 μυρίοις
493 925 636 991 όπέκειτο
656 923 812 1014 πάθεσι),
830 927 965 990 τοιοῖσδε
983 922 1064 1009 πρός
1085 921 1201 1000 edenda
1222 921 1325 1006 λόγοις

240 1023 400 1107 ἐχρήσατο
429 1026 494 1109 ,μή
523 1048 580 1106 μοι
610 1023 663 1091 τόν
693 1019 863 1110 ἄνθρωπον
898 1021 1024 1088 τουτονό
1059 1023 1172 1106 λεγέτω
1199 1045 1245 1098 τις
1271 1019 1325 1087 τόν

239 1123 528 1206 προσκεκρουκότα,
552 1121 605 1189 τὸν
619 1125 922 1210 καταδικασθέντα,
944 1120 999 1189 τόν
1019 1123 1233 1207 ἠτιμωμένον,
1257 1121 1326 1185 ἀλλ’

210 1223 271 1288 cei
288 1221 444 1303 βούλεσθε
475 1227 594 1305 μαθεῖν
615 1217 724 1287 όποῖον
746 1225 780 1299 ἐξ
800 1221 903 1307 ἀρχῆς
926 1219 1043 1287 ἔπλασε
1067 1219 1103 1284 τό
1125 1223 1219 1300 σῶμα
1238 1219 1327 1304 ἡμῶν

156 1317 257 1388 utel
278 1319 370 1401 θεός,
402 1321 457 1385 ἐπί
483 1318 540 1385 τόν
566 1320 760 1404 παράδεισον
785 1317 930 1401 ἔλθωμεν
950 1319 1005 1385 καέ
1023 1315 1078 1386 ’τόν
1100 1321 1133 1398 ἐξ
1153 1319 1255 1402 α’ρχῆς
1275 1341 1326 1400 γε·
1341 1344 1382 1385 ιο

237 1419 364 1501 νόμενον
394 1413 714 1505 άνθρωπονόδωμεν.
773 1414 811 1484 οό
845 1419 908 1508 γάρ
932 1417 1032 1496 οότως
1058 1416 1092 1484 τό
1113 1422 1205 1499 σῶμα
1227 1421 1326 1482 ἐκεῖνο

238 1517 386 1606 φθαρτόν
413 1519 468 1583 καί
499 1521 646 1603 ἐπίκηρον
676 1513 738 1603 ἦν,
767 1518 848 1583 άλλά
877 1519 1021 1603 καθάπερ
1042 1541 1088 1593 τις
1107 1520 1248 1601 χρυσοῦς
1270 1516 1325 1582 άν-

238 1616 332 1703 δριάς
370 1615 434 1680 α’πό
467 1617 684 1702 χωνεντηρίοο
715 1615 880 1704 προελθών
909 1612 984 1704 ιῖρτι
1004 1617 1059 1683 καί
1077 1619 1229 1700 λαμπραῖς
1248 1617 1326 1680 άπα-

237 1721 387 1800 στιλβων,
416 1713 519 1794 οότως
553 1713 657 1803 πάσης
684 1721 814 1803 φθοράς
847 1716 882 1782 τό
926 1721 1019 1800 σῶμα
1051 1720 1150 1783 ἐκεῖνο
1186 1717 1327 1802 α’πη’λλα-

237 1840 318 1899 κτο,
351 1819 406 1880 καί
438 1809 513 1880 οότε
543 1814 636 1894 πόνος
669 1815 807 1902 ἠνώχλει
840 1809 914 1881 odra
934 1815 1031 1902 όδριός
1055 1819 1253 1900 ἐλυμαίνετο,
1288 1817 1381 1881 oras

240 1917 405 2003 φροντίδες
432 1914 661 1998 ἐπεβούλευον,
693 1915 752 1979 οόκ
780 1915 920 1998 άθυραλιι
950 1913 1172 2000 ἐπολιόρκουν,
1204 1913 1243 1978 οό
1271 1914 1329 1997 ῥά·

240 2038 316 2096 πος,
347 2017 388 2077 ου’
419 2016 575 2098 δάκρυον,
612 2017 683 2079 ου’δ’
714 2007 792 2079 όλλο
823 2041 855 2081 τι
874 2019 936 2080 τῶν
966 2011 1117 2082 τοιοότων
1140 2015 1246 2080 ἐλότιει
1267 2039 1328 2077 πα-

209 2115 322 2179 Dacia.
363 2113 434 2178 αλλ’
455 2113 564 2198 ἐπειδὴ
586 2112 667 2200 πρός
686 2113 744 2180 τόν
765 2116 930 2199 εόεργέτην
950 2109 1114 2198 ἐξύβρισε,
1134 2112 1208 2188 θεός
1225 2137 1258 2177 τε
1277 2137 1329 2198 γε-

241 2215 354 2279 νέσθαι
375 2205 504 2298 ἤλπισε,
525 2215 581 2277 καί
599 2215 700 2294 μείζω
720 2217 775 2296 τῆς
802 2213 919 2290 οίκείας
939 2213 1030 2292 άξίας
1049 2211 1162 2296 ἐλαβεν
1181 2211 1327 2293 ἔννοιαν,

240 2314 312 2377 τότε
332 2311 371 2396 δη
393 2309 463 2377 τότε
477 2315 685 2400 σωφρονιζων
707 2313 836 2378 ου’τόνό
856 2311 931 2389 θεὸς
951 2311 1097 2398 φθαρτόν
1113 2310 1207 2377 adadu
1221 2315 1325 2396 ἐποιή-
1338 2330 1383 2372 20

240 2435 276 2478 οε
305 2415 361 2476 καί
385 2415 518 2496 θνητόν,
551 2417 606 2478 καί
631 2423 701 2487 ταῖς
734 2420 866 2488 πολλαῖς
897 2411 1028 2488 ταόταις
1058 2409 1208 2496 ἀνάγκαις
1238 2415 1328 2474 κατέ-

242 2513 349 2594 δησε.”
391 2515 496 2576 ταῦτα
515 2513 576 2592 μὲν
597 2503 656 2576 cdv
685 2511 704 2574 ό
733 2510 898 2589 θειότατος
930 2513 1081 2596 Ἰωάννης.
1136 2513 1187 2596 ἐφ’
1222 2501 1246 2598 ᾧ
1273 2511 1330 2574 καί

241 2603 410 2695 ἄφθαρτον
441 2611 541 2676 ἐκεῖνο
569 2605 603 2673 τό
637 2611 731 2691 σῶμα
763 2611 893 2687 δικαίως
928 2607 944 2674 ὅ
976 2611 1065 2694 λόγος
1095 2611 1243 2676 ἐκάλεσε·
1293 2607 1328 2672 τό

244 2885 360 2941 docebit.
380 2889 480 2940 etenim
500 2889 576 2940 fuere
595 2889 721 2943 nonnulli
738 2898 794 2944 tam
815 2893 843 2944 in
867 2893 919 2945 hoc
940 2909 1051 2963 corpore
1069 2893 1190 2944 interitui
1209 2891 1328 2946 obnoxio

242 2957 379 3027 carpendo
407 2967 435 3010 et
460 2959 591 3012 elevando
617 2961 725 3024 acerbi,
752 2971 784 3014 ut
811 2965 892 3015 etiam
921 2965 1063 3032 indignum
1082 2963 1205 3015 dicerent
1241 2961 1328 3013 unda

242 3027 295 3078 deo
317 3029 457 3080 conditum
489 3032 666 3083 existimetur.
693 3033 717 3085 ai
735 3034 909 3102 figmentum,
932 3035 1056 3099 aiebant,
1076 3050 1202 3086 manarum
1221 2980 1266 3084 dei
1285 3035 1330 3083 fo-

242 3107 301 3161 ret,
321 3116 376 3150 uon
394 3107 437 3151 tot
458 3102 571 3152 miseriis
601 3112 630 3155 et
650 3107 784 3156 aerumnis
805 3115 877 3158 eaeet
896 3105 1047 3158 obnoxium.
1068 3105 1194 3156 adversus
1212 3103 1261 3154 hos
1279 3105 1329 3156 itte

241 3169 272 3219 in
291 3167 362 3218 hunc
391 3171 502 3222 modum
529 3172 647 3227 dieeerit.
675 3191 772 3237 „nemo
797 3175 863 3226 mihi
888 3175 1025 3228 homiuem
1047 3176 1118 3228 lrunc
1138 3175 1263 3239 obiiciat,
1281 3173 1330 3244 qui

242 3238 369 3303 offendit,
387 3242 435 3309 qui
452 3241 646 3296 condemnatus
664 3253 715 3308 eat,
734 3247 781 3316 qui
802 3247 924 3298 adiectus
945 3247 1108 3316 ignominia:
1127 3245 1175 3297 aed
1195 3243 1331 3314 liquidem

242 3309 311 3361 scire
328 3311 410 3361 vultis
432 3314 575 3382 qualenam
593 3315 627 3366 ab
644 3316 724 3368 initio
743 3334 839 3386 corpus
857 3317 934 3370 nobie
952 3319 1019 3370 deun
1037 3318 1206 3379 sormaverit,
1226 3315 1260 3366 ad
1279 3333 1329 3385 pa-

244 3380 360 3430 radisum
380 3391 489 3434 nosmet
508 3386 675 3438 conseramus
703 3395 731 3438 et
748 3387 884 3438 hominem
911 3387 988 3439 illum
1001 3389 1149 3456 principem
1170 3388 1330 3437 intueamur.

244 3467 294 3509 nec
314 3451 385 3501 enim
400 3469 497 3522 corpur
512 3455 597 3524 ipeiue
609 3457 733 3510 interitui
752 3457 898 3510 obnoxium
913 3468 941 3511 et
951 3458 1079 3510 caducum
1098 3465 1163 3520 erat,
1180 3457 1228 3508 aed
1245 3457 1331 3508 instar

244 3538 341 3572 aureae
361 3529 465 3574 statuae
493 3540 586 3577 recena
612 3525 725 3578 eductae
743 3527 778 3580 de
797 3529 905 3580 fornace
920 3527 1085 3598 mirificeque
1104 3527 1272 3598 splendentis
1293 3527 1329 3578 ab

244 3591 318 3643 orani
335 3608 431 3659 corpus
457 3593 526 3644 illud
544 3596 655 3647 interitu
676 3608 734 3651 erat
750 3599 877 3650 immune.
897 3617 951 3650 non
970 3599 1010 3649 illi
1030 3601 1159 3651 molestus
1178 3607 1234 3650 erat
1251 3597 1330 3649 labor

243 3661 335 3723 ullus,
359 3679 414 3737 uun
442 3683 457 3714 a
481 3665 579 3718 sudore
599 3667 774 3734 laedebatur,
802 3687 857 3720 non
881 3668 1079 3722 insidiabantur
1105 3671 1130 3720 ei
1158 3685 1253 3732 curae,
1273 3685 1330 3720 nure

243 3750 377 3784 maerores
398 3734 485 3801 ipsum
503 3738 712 3804 opprimebant,
734 3757 789 3790 non
817 3740 923 3803 sordes,
940 3757 996 3791 non
1015 3741 1161 3808 lacrymae,
1180 3755 1235 3792 non
1253 3737 1329 3790 aliud

243 3805 387 3872 quicquum
403 3805 534 3856 eiusmodi
552 3757 735 3861 adfectionum
753 3811 874 3862 vexabat.
900 3827 992 3862 verum
1012 3821 1185 3880 posteaquam
1202 3809 1329 3865 advertus

242 3873 394 3924 beneficum
414 3891 476 3944 erga
494 3892 521 3926 se
540 3877 621 3929 deum
639 3883 795 3950 petulanter
814 3881 903 3950 gessit,
923 3890 952 3933 et
972 3881 1052 3933 deum
1064 3899 1093 3934 ae
1106 3897 1245 3934 evaeurum
1263 3897 1328 3950 epe-

243 3945 320 4007 ravit‚
338 3951 368 3996 et
379 3947 480 3998 maiora
497 3963 577 4016 quam
594 3951 680 4018 iptiue
698 3951 815 4020 dignitas
834 3953 917 4004 ferret
938 3954 1027 4004 animo
1042 3953 1174 4022 concepit,
1188 3960 1245 4003 tum
1262 3967 1328 4002 vero

242 4016 374 4084 castigans
393 4032 455 4066 eram
485 4015 551 4070 deus
576 4020 700 4074 interitui
719 4027 855 4092 mortique
882 4022 1001 4076 reddidit
1019 4023 1181 4085 obnoxium,
1199 4038 1230 4074 ac
1247 4021 1329 4072 variis

243 4083 316 4136 irisce
335 4087 540 4141 necessitatibue
558 4090 725 4145 adstrinxit?
743 4093 810 4144 haec
827 4091 943 4145 imminie
962 4094 1036 4146 illiue
1051 4093 1134 4146 divini
1151 4091 1234 4144 verba
1253 4099 1327 4154 eunt,

242 4170 356 4224 quorum
374 4159 534 4212 auctoritate
551 4163 575 4214 ai
601 4179 698 4234 corpus
716 4163 811 4217 Adurni
824 4163 948 4218 dicamur
968 4165 1094 4220 interitua
1112 4181 1206 4234 expers
1225 4165 1319 4224 suinae,
