<?xml version="1.0" encoding="UTF-8"?>
<!DOCTYPE html PUBLIC "-//W3C//DTD XHTML 1.0 Transitional//EN"
    "http://www.w3.org/TR/xhtml1/DTD/xhtml1-transitional.dtd">
<html xmlns="http://www.w3.org/1999/xhtml" xml:lang="en" lang="en">
 <head>
  <title>
</title>
<meta http-equiv="Content-Type" content="text/html;charset=utf-8" />
  <meta name='ocr-system' content='tesseract 3.04.00' />
  <meta name='ocr-capabilities' content='ocr_page ocr_carea ocr_par ocr_line ocrx_word'/>
</head>
<body>
  <div class='ocr_page' id='page_1' title='image "./michaelisglycae02glycgoog/michaelisglycae02glycgoog_0140.png"; bbox 0 0 3000 4859; ppageno 0'>
   <div class='ocr_carea' id='block_1_1' title="bbox 280 305 1030 376">
    <p class='ocr_par' dir='ltr' id='par_1_1' title="bbox 280 305 1030 376">
     <span class='ocr_line' id='line_1_1' title="bbox 280 305 1030 376; baseline -0.005 0"><span class='ocrx_word' id='word_1_1' title='bbox 280 317 370 376; x_wconf 83' lang='lat'><strong>110·</strong></span> <span class='ocrx_word' id='word_1_2' title='bbox 614 309 835 374; x_wconf 74' lang='lat' dir='ltr'><strong>titeflAEtts</strong></span> <span class='ocrx_word' id='word_1_3' title='bbox 864 305 1030 372; x_wconf 73' lang='lat' dir='ltr'><strong>Gttcttt</strong></span> 
     </span>
    </p>
   </div>
   <div class='ocr_carea' id='block_1_2' title="bbox 188 455 1423 2534">
    <p class='ocr_par' dir='ltr' id='par_1_2' title="bbox 188 455 1423 2534">
     <span class='ocr_line' id='line_1_2' title="bbox 273 455 1374 546; baseline -0.01 -16"><span class='ocrx_word' id='word_1_4' title='bbox 273 489 364 546; x_wconf 82' lang='grc' dir='ltr'><strong><em>σκος,</em></strong></span> <span class='ocrx_word' id='word_1_5' title='bbox 386 455 428 527; x_wconf 77' lang='lat' dir='ltr'><strong>od</strong></span> <span class='ocrx_word' id='word_1_6' title='bbox 447 459 503 526; x_wconf 80' lang='grc' dir='ltr'><strong><em>καί</em></strong></span> <span class='ocrx_word' id='word_1_7' title='bbox 521 459 540 524; x_wconf 87' lang='grc' dir='ltr'><strong><em>δ</em></strong></span> <span class='ocrx_word' id='word_1_8' title='bbox 558 458 660 545; x_wconf 85' lang='grc' dir='ltr'><strong><em>σοφύς</em></strong></span> <span class='ocrx_word' id='word_1_9' title='bbox 683 463 842 544; x_wconf 74' lang='grc' dir='ltr'><strong>μέμνηται</strong></span> <span class='ocrx_word' id='word_1_10' title='bbox 856 455 999 542; x_wconf 81' lang='grc' dir='ltr'><strong><em>Γαληνὸς</em></strong></span> <span class='ocrx_word' id='word_1_11' title='bbox 1019 457 1097 540; x_wconf 81' lang='grc' dir='ltr'><strong><em>περί</em></strong></span> <span class='ocrx_word' id='word_1_12' title='bbox 1114 456 1272 540; x_wconf 75' lang='grc' dir='ltr'><strong><em>θηριακῆς</em></strong></span> <span class='ocrx_word' id='word_1_13' title='bbox 1290 457 1374 542; x_wconf 83' lang='grc' dir='ltr'><strong><em>νιρὸς</em></strong></span> 
     </span>
     <span class='ocr_line' id='line_1_3' title="bbox 275 547 1378 644; baseline -0.007 -14"><span class='ocrx_word' id='word_1_14' title='bbox 275 571 414 631; x_wconf 87' lang='grc' dir='ltr'><strong><em>Πίσοννα</em></strong></span> <span class='ocrx_word' id='word_1_15' title='bbox 433 560 489 627; x_wconf 78' lang='grc' dir='ltr'><strong>τὸν</strong></span> <span class='ocrx_word' id='word_1_16' title='bbox 508 560 601 644; x_wconf 77' lang='grc' dir='ltr'><strong><em>λόγον</em></strong></span> <span class='ocrx_word' id='word_1_17' title='bbox 619 555 821 641; x_wconf 81' lang='grc' dir='ltr'><strong><em>ποιούμενος,</em></strong></span> <span class='ocrx_word' id='word_1_18' title='bbox 843 557 899 622; x_wconf 79' lang='grc' dir='ltr'><strong><em>καί</em></strong></span> <span class='ocrx_word' id='word_1_19' title='bbox 917 549 979 622; x_wconf 75' lang='lat' dir='ltr'><strong>siud</strong></span> <span class='ocrx_word' id='word_1_20' title='bbox 999 552 1100 640; x_wconf 82' lang='grc' dir='ltr'><strong><em>μόνης</em></strong></span> <span class='ocrx_word' id='word_1_21' title='bbox 1120 547 1228 636; x_wconf 78' lang='grc' dir='ltr'><strong><em>ὅψεως</em></strong></span> <span class='ocrx_word' id='word_1_22' title='bbox 1247 557 1378 640; x_wconf 78' lang='grc' dir='ltr'><strong><em>α’ναιρεῖ</em></strong></span> 
     </span>
     <span class='ocr_line' id='line_1_4' title="bbox 273 653 1373 745; baseline -0.008 -14"><span class='ocrx_word' id='word_1_23' title='bbox 273 663 349 740; x_wconf 85' lang='grc' dir='ltr'><strong><em>τούς</em></strong></span> <span class='ocrx_word' id='word_1_24' title='bbox 376 655 556 745; x_wconf 73' lang='grc' dir='ltr'>ἑωρακότας</span> <span class='ocrx_word' id='word_1_25' title='bbox 584 657 693 724; x_wconf 84' lang='grc' dir='ltr'><strong><em>αύτύν.</em></strong></span> <span class='ocrx_word' id='word_1_26' title='bbox 748 655 841 724; x_wconf 80' lang='grc' dir='ltr'><strong><em>ἔνθεν</em></strong></span> <span class='ocrx_word' id='word_1_27' title='bbox 866 680 916 723; x_wconf 86' lang='grc' dir='ltr'><strong><em>τοι</em></strong></span> <span class='ocrx_word' id='word_1_28' title='bbox 942 654 1004 733; x_wconf 82' lang='grc' dir='ltr'><strong>τόνΙ</strong></span> <span class='ocrx_word' id='word_1_29' title='bbox 1017 653 1175 736; x_wconf 78' lang='grc' dir='ltr'><strong><em>βάσκανον</em></strong></span> <span class='ocrx_word' id='word_1_30' title='bbox 1199 653 1373 742; x_wconf 78' lang='grc' dir='ltr'><strong><em>ὀφθαλμόν</em></strong></span> 
     </span>
     <span class='ocr_line' id='line_1_5' title="bbox 273 748 1371 846; baseline -0.007 -18"><span class='ocrx_word' id='word_1_31' title='bbox 273 767 332 829; x_wconf 83' lang='grc' dir='ltr'><strong>τού</strong></span> <span class='ocrx_word' id='word_1_32' title='bbox 351 758 495 826; x_wconf 81' lang='grc' dir='ltr'><strong><em>τοιούτου</em></strong></span> <span class='ocrx_word' id='word_1_33' title='bbox 519 748 625 846; x_wconf 71' lang='grc' dir='ltr'><strong><em>ὄφεως</em></strong></span> <span class='ocrx_word' id='word_1_34' title='bbox 654 760 869 842; x_wconf 74' lang='grc' dir='ltr'><strong>διενηνοχέναι</strong></span> <span class='ocrx_word' id='word_1_35' title='bbox 890 755 989 843; x_wconf 82' lang='grc' dir='ltr'><strong><em>φησίν</em></strong></span> <span class='ocrx_word' id='word_1_36' title='bbox 1008 755 1028 840; x_wconf 81' lang='grc' dir='ltr'><em>ἧ</em></span> <span class='ocrx_word' id='word_1_37' title='bbox 1048 753 1179 840; x_wconf 75' lang='grc' dir='ltr'><strong><em>γραφή·</em></strong></span> <span class='ocrx_word' id='word_1_38' title='bbox 1222 754 1371 842; x_wconf 75' lang='grc' dir='ltr'><strong><em>καθάπερ</em></strong></span> 
     </span>
     <span class='ocr_line' id='line_1_6' title="bbox 274 854 1401 946; baseline -0.002 -20"><span class='ocrx_word' id='word_1_39' title='bbox 274 863 334 946; x_wconf 75' lang='grc' dir='ltr'><strong>γὰρ</strong></span> <span class='ocrx_word' id='word_1_40' title='bbox 353 857 417 925; x_wconf 79' lang='lat' dir='ltr'><strong>cinti</strong></span> <span class='ocrx_word' id='word_1_41' title='bbox 438 861 535 922; x_wconf 82' lang='lat' dir='ltr'><strong>rosida</strong></span> <span class='ocrx_word' id='word_1_42' title='bbox 565 861 625 922; x_wconf 83' lang='grc' dir='ltr'><strong>τού</strong></span> <span class='ocrx_word' id='word_1_43' title='bbox 643 855 745 942; x_wconf 75' lang='grc' dir='ltr'><strong><em>θηρὸς</em></strong></span> <span class='ocrx_word' id='word_1_44' title='bbox 767 855 917 941; x_wconf 77' lang='grc' dir='ltr'><strong><em>ὀλέθριόν</em></strong></span> <span class='ocrx_word' id='word_1_45' title='bbox 937 878 968 920; x_wconf 89' lang='grc' dir='ltr'><strong><em>ει</em></strong></span> <span class='ocrx_word' id='word_1_46' title='bbox 988 854 1096 941; x_wconf 73' lang='grc' dir='ltr'><strong><em>ῥεῦμα</em></strong></span> <span class='ocrx_word' id='word_1_47' title='bbox 1117 857 1287 940; x_wconf 77' lang='grc' dir='ltr'><strong><em>ἐκφέρεται</em></strong></span> <span class='ocrx_word' id='word_1_48' title='bbox 1306 860 1401 924; x_wconf 76' lang='grc' dir='ltr'><strong><em>ποι-5</em></strong></span> 
     </span>
     <span class='ocr_line' id='line_1_7' title="bbox 275 951 1372 1046; baseline -0.005 -20"><span class='ocrx_word' id='word_1_49' title='bbox 275 962 430 1046; x_wconf 81' lang='grc' dir='ltr'><strong><em>ραχρῆμα</em></strong></span> <span class='ocrx_word' id='word_1_50' title='bbox 451 957 654 1043; x_wconf 65' lang='grc' dir='ltr'><strong>διαφθείρειν</strong></span> <span class='ocrx_word' id='word_1_51' title='bbox 673 952 859 1038; x_wconf 81' lang='grc' dir='ltr'><strong><em>δύνύμενον,</em></strong></span> <span class='ocrx_word' id='word_1_52' title='bbox 880 951 965 1020; x_wconf 74' lang='lat' dir='ltr'><strong>adsto</strong></span> <span class='ocrx_word' id='word_1_53' title='bbox 987 955 1044 1018; x_wconf 82' lang='grc' dir='ltr'><strong><em>καί</em></strong></span> <span class='ocrx_word' id='word_1_54' title='bbox 1055 957 1089 1034; x_wconf 78' lang='grc' dir='ltr'><strong>ἐξ</strong></span> <span class='ocrx_word' id='word_1_55' title='bbox 1101 953 1206 1020; x_wconf 77' lang='grc' dir='ltr'><strong><em>αὐτῶν</em></strong></span> <span class='ocrx_word' id='word_1_56' title='bbox 1228 958 1293 1020; x_wconf 85' lang='grc' dir='ltr'><strong>τῶν</strong></span> <span class='ocrx_word' id='word_1_57' title='bbox 1311 957 1372 1020; x_wconf 80' lang='grc' dir='ltr'><strong>τοῦ</strong></span> 
     </span>
     <span class='ocr_line' id='line_1_8' title="bbox 188 1048 1373 1142; baseline -0.007 -16"><span class='ocrx_word' id='word_1_58' title='bbox 188 1073 224 1126; x_wconf 78' lang='lat' dir='ltr'><strong>v.</strong></span> <span class='ocrx_word' id='word_1_59' title='bbox 233 1073 266 1140; x_wconf 77' lang='grc'><strong>45</strong></span> <span class='ocrx_word' id='word_1_60' title='bbox 275 1057 436 1142; x_wconf 81' lang='grc' dir='ltr'><strong><em>βασκάνου</em></strong></span> <span class='ocrx_word' id='word_1_61' title='bbox 459 1056 649 1142; x_wconf 75' lang='grc' dir='ltr'><strong><em>ὀφθαλμῶν.</em></strong></span> <span class='ocrx_word' id='word_1_62' title='bbox 673 1059 729 1120; x_wconf 83' lang='grc' dir='ltr'><strong><em>καί</em></strong></span> <span class='ocrx_word' id='word_1_63' title='bbox 746 1053 783 1120; x_wconf 78' lang='lat' dir='ltr'><strong>ssi</strong></span> <span class='ocrx_word' id='word_1_64' title='bbox 808 1051 847 1137; x_wconf 76' lang='grc' dir='ltr'><em>δὴ</em></span> <span class='ocrx_word' id='word_1_65' title='bbox 878 1051 1086 1136; x_wconf 82' lang='grc' dir='ltr'><strong><em>θαυμαστόν,</em></strong></span> <span class='ocrx_word' id='word_1_66' title='bbox 1119 1048 1170 1118; x_wconf 78' lang='grc' dir='ltr'><strong><em>ὅτι</em></strong></span> <span class='ocrx_word' id='word_1_67' title='bbox 1189 1056 1246 1118; x_wconf 83' lang='grc' dir='ltr'><strong><em>καί</em></strong></span> <span class='ocrx_word' id='word_1_68' title='bbox 1264 1055 1373 1130; x_wconf 81' lang='grc' dir='ltr'><strong><em>αύιοῖς</em></strong></span> 
     </span>
     <span class='ocr_line' id='line_1_9' title="bbox 194 1144 1375 1239; baseline -0.004 -14"><span class='ocrx_word' id='word_1_69' title='bbox 194 1159 372 1225; x_wconf 79' lang='grc' dir='ltr'><strong><em>Ρ.58ένιἰιτε</em></strong></span> <span class='ocrx_word' id='word_1_70' title='bbox 390 1167 456 1231; x_wconf 81' lang='grc' dir='ltr'><strong><em>τοῖς</em></strong></span> <span class='ocrx_word' id='word_1_71' title='bbox 489 1156 615 1232; x_wconf 87' lang='grc' dir='ltr'><strong><em>οἰκείοις</em></strong></span> <span class='ocrx_word' id='word_1_72' title='bbox 641 1153 698 1220; x_wconf 83' lang='grc' dir='ltr'><strong><em>καί</em></strong></span> <span class='ocrx_word' id='word_1_73' title='bbox 716 1153 872 1239; x_wconf 72' lang='grc' dir='ltr'><strong><em>συνήθεσι</em></strong></span> <span class='ocrx_word' id='word_1_74' title='bbox 900 1151 956 1219; x_wconf 83' lang='grc' dir='ltr'><strong>τὸν</strong></span> <span class='ocrx_word' id='word_1_75' title='bbox 975 1144 1108 1238; x_wconf 74' lang='grc' dir='ltr'><strong><em>ὄλεθρον</em></strong></span> <span class='ocrx_word' id='word_1_76' title='bbox 1128 1158 1275 1239; x_wconf 81' lang='grc' dir='ltr'><strong><em>φέρουσι.</em></strong></span> <span class='ocrx_word' id='word_1_77' title='bbox 1317 1157 1375 1220; x_wconf 84' lang='grc' dir='ltr'><strong><em>καί</em></strong></span> 
     </span>
     <span class='ocr_line' id='line_1_10' title="bbox 275 1250 1373 1340; baseline -0.004 -18"><span class='ocrx_word' id='word_1_78' title='bbox 275 1255 384 1322; x_wconf 77' lang='grc' dir='ltr'><strong><em>καινὸν</em></strong></span> <span class='ocrx_word' id='word_1_79' title='bbox 404 1255 459 1322; x_wconf 83' lang='grc' dir='ltr'><strong><em>έιιί</em></strong></span> <span class='ocrx_word' id='word_1_80' title='bbox 481 1255 607 1331; x_wconf 82' lang='grc' dir='ltr'><strong><em>τούτοις</em></strong></span> <span class='ocrx_word' id='word_1_81' title='bbox 638 1254 758 1320; x_wconf 84' lang='grc' dir='ltr'><strong><em>ούδέν·</em></strong></span> <span class='ocrx_word' id='word_1_82' title='bbox 809 1251 827 1318; x_wconf 81' lang='grc' dir='ltr'>ὃ</span> <span class='ocrx_word' id='word_1_83' title='bbox 854 1253 915 1338; x_wconf 75' lang='grc' dir='ltr'><strong>γὰρ</strong></span> <span class='ocrx_word' id='word_1_84' title='bbox 936 1250 1138 1340; x_wconf 74' lang='grc' dir='ltr'><strong><em>πεφύκασιν,</em></strong></span> <span class='ocrx_word' id='word_1_85' title='bbox 1167 1252 1229 1334; x_wconf 85' lang='grc' dir='ltr'><strong>ούχ</strong></span> <span class='ocrx_word' id='word_1_86' title='bbox 1259 1251 1373 1336; x_wconf 78' lang='grc' dir='ltr'><strong><em>ὃβού-</em></strong></span> 
     </span>
     <span class='ocr_line' id='line_1_11' title="bbox 274 1349 1423 1438; baseline -0.005 -16"><span class='ocrx_word' id='word_1_87' title='bbox 274 1363 380 1422; x_wconf 85' lang='grc' dir='ltr'><strong><em>λονεαι</em></strong></span> <span class='ocrx_word' id='word_1_88' title='bbox 407 1359 549 1420; x_wconf 82' lang='grc' dir='ltr'><strong><em>ιιοιούσι.</em></strong></span> <span class='ocrx_word' id='word_1_89' title='bbox 604 1353 661 1419; x_wconf 81' lang='grc' dir='ltr'><strong><em>καί</em></strong></span> <span class='ocrx_word' id='word_1_90' title='bbox 686 1351 733 1437; x_wconf 75' lang='grc' dir='ltr'><strong>μὴ</strong></span> <span class='ocrx_word' id='word_1_91' title='bbox 761 1351 911 1435; x_wconf 84' lang='grc' dir='ltr'><strong><em>θαύμαζε</em></strong></span> <span class='ocrx_word' id='word_1_92' title='bbox 940 1349 1056 1418; x_wconf 83' lang='grc' dir='ltr'><strong><em>τούτου</em></strong></span> <span class='ocrx_word' id='word_1_93' title='bbox 1084 1355 1207 1418; x_wconf 73' lang='grc' dir='ltr'><strong><em>ἕνεκεν·</em></strong></span> <span class='ocrx_word' id='word_1_94' title='bbox 1257 1353 1289 1416; x_wconf 84' lang='grc' dir='ltr'><strong>εί</strong></span> <span class='ocrx_word' id='word_1_95' title='bbox 1307 1350 1369 1438; x_wconf 74' lang='grc' dir='ltr'><strong>γὰρ</strong></span> <span class='ocrx_word' id='word_1_96' title='bbox 1386 1382 1423 1423; x_wconf 81' lang='lat' dir='ltr'><strong>so</strong></span> 
     </span>
     <span class='ocr_line' id='line_1_12' title="bbox 273 1447 1372 1544; baseline -0.004 -24"><span class='ocrx_word' id='word_1_97' title='bbox 273 1454 393 1544; x_wconf 73' lang='grc' dir='ltr'><strong><em>ἐαυτῷ,</em></strong></span> <span class='ocrx_word' id='word_1_98' title='bbox 424 1451 510 1518; x_wconf 75' lang='grc' dir='ltr'><strong><em>καθά</em></strong></span> <span class='ocrx_word' id='word_1_99' title='bbox 534 1477 614 1538; x_wconf 77' lang='grc' dir='ltr'><strong><em>φησι</em></strong></span> <span class='ocrx_word' id='word_1_100' title='bbox 642 1450 878 1537; x_wconf 83' lang='grc' dir='ltr'><strong><em>Πλούταρχος,</em></strong></span> <span class='ocrx_word' id='word_1_101' title='bbox 909 1447 1121 1526; x_wconf 83' lang='grc' dir='ltr'><strong><em>ὅΕύτελίδας</em></strong></span> <span class='ocrx_word' id='word_1_102' title='bbox 1140 1447 1295 1536; x_wconf 72' lang='grc' dir='ltr'><strong><em>ἐβάσκηνε</em></strong></span> <span class='ocrx_word' id='word_1_103' title='bbox 1314 1449 1372 1536; x_wconf 66' lang='grc' dir='ltr'><strong><em>τὴν</em></strong></span> 
     </span>
     <span class='ocr_line' id='line_1_13' title="bbox 274 1544 1372 1636; baseline -0.005 -18"><span class='ocrx_word' id='word_1_104' title='bbox 274 1549 352 1635; x_wconf 79' lang='grc' dir='ltr'><strong><em>ὄψιν</em></strong></span> <span class='ocrx_word' id='word_1_105' title='bbox 371 1553 473 1617; x_wconf 71' lang='grc' dir='ltr'><strong><em>αὑτοῦ</em></strong></span> <span class='ocrx_word' id='word_1_106' title='bbox 492 1549 629 1616; x_wconf 83' lang='grc' dir='ltr'><strong><em>κατιδῶν</em></strong></span> <span class='ocrx_word' id='word_1_107' title='bbox 654 1554 689 1616; x_wconf 88' lang='grc' dir='ltr'><strong>έν</strong></span> <span class='ocrx_word' id='word_1_108' title='bbox 717 1545 812 1615; x_wconf 73' lang='lat' dir='ltr'><strong>itan</strong></span> <span class='ocrx_word' id='word_1_109' title='bbox 832 1549 964 1636; x_wconf 77' lang='grc' dir='ltr'><strong><em>καὶτῆς</em></strong></span> <span class='ocrx_word' id='word_1_110' title='bbox 983 1544 1069 1632; x_wconf 73' lang='grc' dir='ltr'><strong><em>δέρας</em></strong></span> <span class='ocrx_word' id='word_1_111' title='bbox 1090 1548 1253 1634; x_wconf 79' lang='grc' dir='ltr'><strong><em>ἐκπλαγείς</em></strong></span> <span class='ocrx_word' id='word_1_112' title='bbox 1260 1601 1270 1632; x_wconf 89' lang='grc'><strong><em>,</em></strong></span> <span class='ocrx_word' id='word_1_113' title='bbox 1292 1557 1372 1616; x_wconf 82' lang='grc' dir='ltr'><strong><em>πολ.</em></strong></span> 
     </span>
     <span class='ocr_line' id='line_1_14' title="bbox 273 1641 1371 1741; baseline 0 -25"><span class='ocrx_word' id='word_1_114' title='bbox 273 1657 319 1741; x_wconf 61' lang='lat' dir='ltr'><strong>lagi</strong></span> <span class='ocrx_word' id='word_1_115' title='bbox 338 1655 461 1735; x_wconf 77' lang='grc' dir='ltr'><strong><em>μᾶλλον</em></strong></span> <span class='ocrx_word' id='word_1_116' title='bbox 480 1645 600 1732; x_wconf 73' lang='grc' dir='ltr'><strong><em>ἑτέραις</em></strong></span> <span class='ocrx_word' id='word_1_117' title='bbox 620 1651 730 1728; x_wconf 81' lang='grc' dir='ltr'><strong><em>εἀύξει</em></strong></span> <span class='ocrx_word' id='word_1_118' title='bbox 752 1649 807 1716; x_wconf 82' lang='grc' dir='ltr'><strong>τὸν</strong></span> <span class='ocrx_word' id='word_1_119' title='bbox 825 1641 960 1734; x_wconf 77' lang='grc' dir='ltr'><strong><em>ὄλεθρον</em></strong></span> <span class='ocrx_word' id='word_1_120' title='bbox 979 1649 1168 1732; x_wconf 84' lang='grc' dir='ltr'><strong><em>ὁβύσκανος</em></strong></span> <span class='ocrx_word' id='word_1_121' title='bbox 1189 1651 1371 1738; x_wconf 81' lang='grc' dir='ltr'><strong><em>ὀφθαλμός,</em></strong></span> 
     </span>
     <span class='ocr_line' id='line_1_15' title="bbox 273 1745 1371 1839; baseline -0.001 -22"><span class='ocrx_word' id='word_1_122' title='bbox 273 1759 365 1835; x_wconf 87' lang='grc' dir='ltr'><strong><em>βέλος</em></strong></span> <span class='ocrx_word' id='word_1_123' title='bbox 384 1745 490 1836; x_wconf 79' lang='grc' dir='ltr'><strong><em>ῶσπερ</em></strong></span> <span class='ocrx_word' id='word_1_124' title='bbox 512 1753 606 1826; x_wconf 80' lang='grc' dir='ltr'><strong><em>ἰῶδες</em></strong></span> <span class='ocrx_word' id='word_1_125' title='bbox 632 1759 699 1827; x_wconf 78' lang='grc' dir='ltr'><strong><em>τοῖς</em></strong></span> <span class='ocrx_word' id='word_1_126' title='bbox 718 1748 891 1838; x_wconf 78' lang='grc' dir='ltr'><strong><em>δρωμένοις</em></strong></span> <span class='ocrx_word' id='word_1_127' title='bbox 911 1747 1011 1839; x_wconf 78' lang='grc' dir='ltr'><strong><em>τούτῳ</em></strong></span> <span class='ocrx_word' id='word_1_128' title='bbox 1033 1751 1138 1826; x_wconf 85' lang='grc' dir='ltr'><strong><em>ένιείς.</em></strong></span> <span class='ocrx_word' id='word_1_129' title='bbox 1189 1752 1247 1816; x_wconf 85' lang='grc' dir='ltr'><strong><em>καί</em></strong></span> <span class='ocrx_word' id='word_1_130' title='bbox 1265 1755 1371 1816; x_wconf 75' lang='grc' dir='ltr'><strong><em>ταῦτα</em></strong></span> 
     </span>
     <span class='ocr_line' id='line_1_16' title="bbox 273 1844 1423 1936; baseline 0 -20"><span class='ocrx_word' id='word_1_131' title='bbox 273 1850 373 1935; x_wconf 77' lang='grc' dir='ltr'><strong>μὲνὴ</strong></span> <span class='ocrx_word' id='word_1_132' title='bbox 398 1858 493 1933; x_wconf 80' lang='grc' dir='ltr'><strong><em>πεῖρα</em></strong></span> <span class='ocrx_word' id='word_1_133' title='bbox 513 1846 568 1914; x_wconf 83' lang='grc' dir='ltr'><strong><em>καί</em></strong></span> <span class='ocrx_word' id='word_1_134' title='bbox 586 1848 604 1912; x_wconf 81' lang='grc' dir='ltr'><em>ὅ</em></span> <span class='ocrx_word' id='word_1_135' title='bbox 623 1848 739 1933; x_wconf 83' lang='grc' dir='ltr'><strong><em>χρόνος</em></strong></span> <span class='ocrx_word' id='word_1_136' title='bbox 762 1851 919 1916; x_wconf 74' lang='grc' dir='ltr'><strong><em>ἀνέκαθεν</em></strong></span> <span class='ocrx_word' id='word_1_137' title='bbox 938 1845 1070 1927; x_wconf 81' lang='grc' dir='ltr'><strong><em>ἔδειξεν·</em></strong></span> <span class='ocrx_word' id='word_1_138' title='bbox 1113 1846 1143 1914; x_wconf 80' lang='grc' dir='ltr'><strong>οἱ</strong></span> <span class='ocrx_word' id='word_1_139' title='bbox 1162 1846 1222 1936; x_wconf 73' lang='grc' dir='ltr'><strong>γὰρ</strong></span> <span class='ocrx_word' id='word_1_140' title='bbox 1244 1844 1371 1936; x_wconf 83' lang='grc' dir='ltr'><strong><em>ὄφθαλ·</em></strong></span> <span class='ocrx_word' id='word_1_141' title='bbox 1384 1863 1423 1926; x_wconf 82' lang='grc' dir='ltr'><strong>ι5</strong></span> 
     </span>
     <span class='ocr_line' id='line_1_17' title="bbox 273 1948 1372 2036; baseline 0.002 -22"><span class='ocrx_word' id='word_1_142' title='bbox 273 1953 333 2032; x_wconf 85' lang='grc' dir='ltr'><strong>μοί</strong></span> <span class='ocrx_word' id='word_1_143' title='bbox 352 1952 408 2016; x_wconf 88' lang='grc' dir='ltr'><strong><em>καί</em></strong></span> <span class='ocrx_word' id='word_1_144' title='bbox 435 1951 537 2036; x_wconf 89' lang='grc' dir='ltr'><strong><em>δρῶσι</em></strong></span> <span class='ocrx_word' id='word_1_145' title='bbox 563 1948 619 2015; x_wconf 81' lang='grc' dir='ltr'><strong><em>καί</em></strong></span> <span class='ocrx_word' id='word_1_146' title='bbox 648 1949 835 2033; x_wconf 76' lang='grc' dir='ltr'><strong><em>πάσχουσι,</em></strong></span> <span class='ocrx_word' id='word_1_147' title='bbox 864 1950 939 2014; x_wconf 76' lang='lat' dir='ltr'><strong>nori</strong></span> <span class='ocrx_word' id='word_1_148' title='bbox 956 1951 1016 2030; x_wconf 83' lang='grc' dir='ltr'><strong><em>μέν</em></strong></span> <span class='ocrx_word' id='word_1_149' title='bbox 1040 1948 1214 2029; x_wconf 75' lang='grc' dir='ltr'><strong><em>πέμποντες</em></strong></span> <span class='ocrx_word' id='word_1_150' title='bbox 1237 1953 1372 2016; x_wconf 73' lang='lat' dir='ltr'><strong>norisii</strong></span> 
     </span>
     <span class='ocr_line' id='line_1_18' title="bbox 275 2044 1373 2134; baseline 0 -20"><span class='ocrx_word' id='word_1_151' title='bbox 275 2052 461 2133; x_wconf 79' lang='grc' dir='ltr'><strong><em>δεχόμενοι,</em></strong></span> <span class='ocrx_word' id='word_1_152' title='bbox 488 2044 531 2124; x_wconf 85' lang='grc' dir='ltr'><strong><em>ῶς</em></strong></span> <span class='ocrx_word' id='word_1_153' title='bbox 565 2050 621 2114; x_wconf 81' lang='grc' dir='ltr'><strong><em>έαί</em></strong></span> <span class='ocrx_word' id='word_1_154' title='bbox 645 2051 710 2114; x_wconf 84' lang='grc' dir='ltr'><strong>τῶν</strong></span> <span class='ocrx_word' id='word_1_155' title='bbox 739 2051 908 2132; x_wconf 81' lang='grc' dir='ltr'><strong><em>ἐρωμένων</em></strong></span> <span class='ocrx_word' id='word_1_156' title='bbox 933 2045 1019 2114; x_wconf 75' lang='grc' dir='ltr'><strong><em>ἔστιν</em></strong></span> <span class='ocrx_word' id='word_1_157' title='bbox 1046 2049 1135 2114; x_wconf 83' lang='grc' dir='ltr'><strong><em>ἰδεῖν.</em></strong></span> <span class='ocrx_word' id='word_1_158' title='bbox 1177 2046 1252 2114; x_wconf 79' lang='grc' dir='ltr'><strong>ύδέ</strong></span> <span class='ocrx_word' id='word_1_159' title='bbox 1271 2052 1373 2134; x_wconf 78' lang='grc' dir='ltr'><strong><em>μέγας</em></strong></span> 
     </span>
     <span class='ocr_line' id='line_1_19' title="bbox 274 2143 1372 2234; baseline -0.001 -19"><span class='ocrx_word' id='word_1_160' title='bbox 274 2153 446 2226; x_wconf 83' lang='grc' dir='ltr'><strong><em>Βασιλειος</em></strong></span> <span class='ocrx_word' id='word_1_161' title='bbox 468 2151 502 2213; x_wconf 86' lang='grc' dir='ltr'><strong>έν</strong></span> <span class='ocrx_word' id='word_1_162' title='bbox 523 2143 569 2224; x_wconf 78' lang='grc' dir='ltr'><strong><em>οἷς</em></strong></span> <span class='ocrx_word' id='word_1_163' title='bbox 584 2152 782 2232; x_wconf 78' lang='grc' dir='ltr'><strong><em>έπεξηγεῖται</em></strong></span> <span class='ocrx_word' id='word_1_164' title='bbox 794 2145 852 2233; x_wconf 72' lang='grc' dir='ltr'><strong><em>τὴν</em></strong></span> <span class='ocrx_word' id='word_1_165' title='bbox 871 2150 930 2212; x_wconf 81' lang='grc' dir='ltr'><strong>τού</strong></span> <span class='ocrx_word' id='word_1_166' title='bbox 948 2149 1138 2233; x_wconf 84' lang='grc' dir='ltr'><strong><em>τριακοστού</em></strong></span> <span class='ocrx_word' id='word_1_167' title='bbox 1157 2151 1265 2234; x_wconf 82' lang='grc' dir='ltr'><strong><em>τρίτου</em></strong></span> <span class='ocrx_word' id='word_1_168' title='bbox 1286 2155 1372 2233; x_wconf 83' lang='grc' dir='ltr'><strong><em>ψαλ-</em></strong></span> 
     </span>
     <span class='ocr_line' id='line_1_20' title="bbox 215 2244 1371 2334; baseline -0.002 -18"><span class='ocrx_word' id='word_1_169' title='bbox 215 2306 221 2316; x_wconf 88' lang='grc'><strong>.</strong></span> <span class='ocrx_word' id='word_1_170' title='bbox 243 2253 339 2332; x_wconf 77' lang='grc' dir='ltr'><strong>Βμοῦ</strong></span> <span class='ocrx_word' id='word_1_171' title='bbox 360 2244 560 2334; x_wconf 73' lang='grc' dir='ltr'><strong><em>ἐπιγραφήν,</em></strong></span> <span class='ocrx_word' id='word_1_172' title='bbox 582 2246 639 2312; x_wconf 85' lang='grc' dir='ltr'><strong><em>καί</em></strong></span> <span class='ocrx_word' id='word_1_173' title='bbox 655 2245 733 2312; x_wconf 77' lang='grc' dir='ltr'><strong><em>τάδε</em></strong></span> <span class='ocrx_word' id='word_1_174' title='bbox 756 2246 855 2332; x_wconf 84' lang='grc' dir='ltr'><strong><em>φησίν</em></strong></span> <span class='ocrx_word' id='word_1_175' title='bbox 877 2247 969 2329; x_wconf 58' lang='grc' dir='ltr'><strong><em>»ἀλλ’</em></strong></span> <span class='ocrx_word' id='word_1_176' title='bbox 984 2245 1046 2330; x_wconf 77' lang='lat' dir='ltr'><strong>lyci</strong></span> <span class='ocrx_word' id='word_1_177' title='bbox 1065 2251 1159 2313; x_wconf 81' lang='grc' dir='ltr'><strong><em>τοῦτο</em></strong></span> <span class='ocrx_word' id='word_1_178' title='bbox 1177 2251 1307 2331; x_wconf 81' lang='grc' dir='ltr'><strong><em>μέντοι,</em></strong></span> <span class='ocrx_word' id='word_1_179' title='bbox 1334 2249 1371 2316; x_wconf 84' lang='grc' dir='ltr'><strong>τὸ</strong></span> 
     </span>
     <span class='ocr_line' id='line_1_21' title="bbox 272 2340 1423 2434; baseline -0.003 -19"><span class='ocrx_word' id='word_1_180' title='bbox 272 2354 365 2433; x_wconf 80' lang='grc' dir='ltr'><strong><em>βέλος</em></strong></span> <span class='ocrx_word' id='word_1_181' title='bbox 396 2349 491 2423; x_wconf 79' lang='grc' dir='ltr'><strong><em>ἰῶδες</em></strong></span> <span class='ocrx_word' id='word_1_182' title='bbox 514 2349 696 2430; x_wconf 76' lang='grc' dir='ltr'><strong><em>’ἐκπέμπειν</em></strong></span> <span class='ocrx_word' id='word_1_183' title='bbox 722 2345 798 2423; x_wconf 83' lang='grc' dir='ltr'><strong><em>τούς</em></strong></span> <span class='ocrx_word' id='word_1_184' title='bbox 831 2340 1039 2434; x_wconf 75' lang='grc' dir='ltr'><strong><em>ὀφθαλμούς,</em></strong></span> <span class='ocrx_word' id='word_1_185' title='bbox 1077 2349 1307 2430; x_wconf 79' lang='grc' dir='ltr'><strong><em>αἰιοαέμτιομαι</em></strong></span> <span class='ocrx_word' id='word_1_186' title='bbox 1327 2347 1423 2424; x_wconf 65' lang='lat' dir='ltr'><strong>cigno</strong></span> 
     </span>
     <span class='ocr_line' id='line_1_22' title="bbox 274 2444 1368 2534; baseline 0.001 -22"><span class='ocrx_word' id='word_1_187' title='bbox 274 2450 419 2534; x_wconf 75' lang='grc' dir='ltr'><strong><em>δημῶδες</em></strong></span> <span class='ocrx_word' id='word_1_188' title='bbox 453 2446 510 2512; x_wconf 80' lang='grc' dir='ltr'><strong><em>καί</em></strong></span> <span class='ocrx_word' id='word_1_189' title='bbox 530 2449 570 2534; x_wconf 81' lang='grc' dir='ltr'><strong>τῇ</strong></span> <span class='ocrx_word' id='word_1_190' title='bbox 596 2448 836 2529; x_wconf 76' lang='grc' dir='ltr'><strong><em>γυναικωνίτιδι</em></strong></span> <span class='ocrx_word' id='word_1_191' title='bbox 866 2447 1086 2529; x_wconf 82' lang='grc' dir='ltr'><strong><em>ιιαρεισαχθέν</em></strong></span> <span class='ocrx_word' id='word_1_192' title='bbox 1115 2444 1179 2510; x_wconf 82' lang='grc' dir='ltr'><strong><em>ύιιδ</em></strong></span> <span class='ocrx_word' id='word_1_193' title='bbox 1207 2449 1368 2532; x_wconf 75' lang='grc' dir='ltr'><strong><em>γραΐδιον·</em></strong></span> 
     </span>
    </p>
   </div>
   <div class='ocr_carea' id='block_1_3' title="bbox 273 2541 1371 2644">
    <p class='ocr_par' dir='ltr' id='par_1_3' title="bbox 273 2541 1371 2644">
     <span class='ocr_line' id='line_1_23' title="bbox 273 2541 1371 2644; baseline -0.001 -31"><span class='ocrx_word' id='word_1_194' title='bbox 273 2551 375 2614; x_wconf 79' lang='grc' dir='ltr'><strong><em>έκεῖνο</em></strong></span> <span class='ocrx_word' id='word_1_195' title='bbox 414 2549 451 2611; x_wconf 86' lang='grc' dir='ltr'><strong>δέ</strong></span> <span class='ocrx_word' id='word_1_196' title='bbox 471 2571 575 2633; x_wconf 79' lang='grc' dir='ltr'><strong><em>φημι,</em></strong></span> <span class='ocrx_word' id='word_1_197' title='bbox 604 2541 653 2610; x_wconf 79' lang='grc' dir='ltr'><strong><em>ὅτι</em></strong></span> <span class='ocrx_word' id='word_1_198' title='bbox 672 2545 705 2612; x_wconf 79' lang='lat' dir='ltr'><strong>oi</strong></span> <span class='ocrx_word' id='word_1_199' title='bbox 723 2542 894 2628; x_wconf 87' lang='grc' dir='ltr'><strong><em>μισύκαλοι</em></strong></span> <span class='ocrx_word' id='word_1_200' title='bbox 915 2547 1079 2628; x_wconf 85' lang='grc' dir='ltr'><strong><em>δαίμονες,</em></strong></span> <span class='ocrx_word' id='word_1_201' title='bbox 1103 2543 1233 2611; x_wconf 77' lang='grc' dir='ltr'><strong><em>ἐπειδὰν</em></strong></span> <span class='ocrx_word' id='word_1_202' title='bbox 1253 2550 1371 2644; x_wconf 67' lang='grc' dir='ltr'><strong><em>οἰκείας</em></strong></span> 
     </span>
    </p>
   </div>
   <div class='ocr_carea' id='block_1_4' title="bbox 342 2673 1371 2808">
    <p class='ocr_par' dir='ltr' id='par_1_4' title="bbox 342 2673 1371 2808">
     <span class='ocr_line' id='line_1_24' title="bbox 342 2673 1371 2807; baseline -0.002 -71"><span class='ocrx_word' id='word_1_203' title='bbox 342 2684 375 2807; x_wconf 53' lang='lat' dir='ltr'><strong>po</strong></span> <span class='ocrx_word' id='word_1_204' title='bbox 386 2679 595 2804; x_wconf 59' lang='grc' dir='ltr'><strong><em>βιεφφνοχέναι]</em></strong></span> <span class='ocrx_word' id='word_1_205' title='bbox 614 2681 697 2732; x_wconf 88' lang='lat' dir='ltr'><strong>immo</strong></span> <span class='ocrx_word' id='word_1_206' title='bbox 716 2678 801 2736; x_wconf 77' lang='grc' dir='ltr'><strong><em>οιίδὲν</em></strong></span> <span class='ocrx_word' id='word_1_207' title='bbox 817 2677 1024 2750; x_wconf 78' lang='grc' dir='ltr'><strong><em>διενηνοχέναι.</em></strong></span> <span class='ocrx_word' id='word_1_208' title='bbox 1099 2698 1137 2734; x_wconf 84' lang='lat' dir='ltr'><strong>sa.</strong></span> <span class='ocrx_word' id='word_1_209' title='bbox 1160 2673 1296 2758; x_wconf 81' lang='grc' dir='ltr'><strong><em>κατιδύν]</em></strong></span> <span class='ocrx_word' id='word_1_210' title='bbox 1319 2686 1371 2736; x_wconf 84' lang='grc' dir='ltr'><strong><em>καλ</em></strong></span> 
     </span>
     <span class='ocr_line' id='line_1_25' title="bbox 374 2773 460 2808; baseline 0.023 -2"><span class='ocrx_word' id='word_1_211' title='bbox 374 2773 414 2808; x_wconf 61' lang='grc' dir='ltr'><strong>ων</strong></span> <span class='ocrx_word' id='word_1_212' title='bbox 453 2791 460 2803; x_wconf 87' lang='lat'><em>·</em></span> 
     </span>
    </p>
   </div>
   <div class='ocr_carea' id='block_1_5' title="bbox 180 2853 1371 4274">
    <p class='ocr_par' dir='ltr' id='par_1_5' title="bbox 180 2853 1371 4274">
     <span class='ocr_line' id='line_1_26' title="bbox 272 2853 1370 2924; baseline -0.001 -11"><span class='ocrx_word' id='word_1_213' title='bbox 272 2867 387 2922; x_wconf 76' lang='lat' dir='ltr'><strong>vocant,</strong></span> <span class='ocrx_word' id='word_1_214' title='bbox 413 2857 490 2910; x_wconf 88' lang='lat' dir='ltr'><strong>cuius</strong></span> <span class='ocrx_word' id='word_1_215' title='bbox 514 2856 597 2908; x_wconf 89' lang='lat' dir='ltr'><strong>etiam</strong></span> <span class='ocrx_word' id='word_1_216' title='bbox 623 2854 730 2924; x_wconf 87' lang='lat' dir='ltr'><strong>sapiens</strong></span> <span class='ocrx_word' id='word_1_217' title='bbox 758 2853 808 2905; x_wconf 89' lang='lat' dir='ltr'><strong>ilie</strong></span> <span class='ocrx_word' id='word_1_218' title='bbox 834 2853 954 2907; x_wconf 85' lang='lat' dir='ltr'><strong>Galenus</strong></span> <span class='ocrx_word' id='word_1_219' title='bbox 981 2857 1107 2909; x_wconf 82' lang='lat' dir='ltr'>meminit</span> <span class='ocrx_word' id='word_1_220' title='bbox 1131 2855 1167 2908; x_wconf 89' lang='lat' dir='ltr'><strong>ad</strong></span> <span class='ocrx_word' id='word_1_221' title='bbox 1187 2855 1312 2910; x_wconf 77' lang='lat' dir='ltr'><strong>Pisonem</strong></span> <span class='ocrx_word' id='word_1_222' title='bbox 1333 2858 1370 2912; x_wconf 86' lang='lat' dir='ltr'><strong>de</strong></span> 
     </span>
     <span class='ocr_line' id='line_1_27' title="bbox 272 2925 1370 2998; baseline -0.001 -15"><span class='ocrx_word' id='word_1_223' title='bbox 272 2930 407 2983; x_wconf 79' lang='lat' dir='ltr'><strong>Theriaca</strong></span> <span class='ocrx_word' id='word_1_224' title='bbox 434 2927 590 2990; x_wconf 82' lang='lat' dir='ltr'><strong>disserena,</strong></span> <span class='ocrx_word' id='word_1_225' title='bbox 610 2926 670 2977; x_wconf 91' lang='lat' dir='ltr'><strong>solo</strong></span> <span class='ocrx_word' id='word_1_226' title='bbox 688 2925 791 2976; x_wconf 88' lang='lat' dir='ltr'><strong>intuitu</strong></span> <span class='ocrx_word' id='word_1_227' title='bbox 809 2934 889 2977; x_wconf 87' lang='lat' dir='ltr'><strong>necat</strong></span> <span class='ocrx_word' id='word_1_228' title='bbox 909 2943 971 2977; x_wconf 91' lang='lat' dir='ltr'><strong>eum</strong></span> <span class='ocrx_word' id='word_1_229' title='bbox 989 2928 1036 2997; x_wconf 84' lang='lat' dir='ltr'><strong>qui</strong></span> <span class='ocrx_word' id='word_1_230' title='bbox 1053 2929 1141 2996; x_wconf 88' lang='lat' dir='ltr'><strong>ipsum</strong></span> <span class='ocrx_word' id='word_1_231' title='bbox 1159 2927 1292 2998; x_wconf 81' lang='lat' dir='ltr'><strong>adspexit</strong></span> <span class='ocrx_word' id='word_1_232' title='bbox 1333 2947 1370 2982; x_wconf 92' lang='lat' dir='ltr'><strong>uo</strong></span> 
     </span>
     <span class='ocr_line' id='line_1_28' title="bbox 272 2995 1370 3069; baseline -0.002 -15"><span class='ocrx_word' id='word_1_233' title='bbox 272 3001 308 3054; x_wconf 79' lang='lat' dir='ltr'><strong>fit</strong></span> <span class='ocrx_word' id='word_1_234' title='bbox 323 3009 356 3053; x_wconf 93' lang='lat' dir='ltr'><strong>ut</strong></span> <span class='ocrx_word' id='word_1_235' title='bbox 371 3000 481 3051; x_wconf 74' lang='lat' dir='ltr'><strong>litterae</strong></span> <span class='ocrx_word' id='word_1_236' title='bbox 503 3013 591 3050; x_wconf 76' lang='lat' dir='ltr'><strong>samse</strong></span> <span class='ocrx_word' id='word_1_237' title='bbox 609 2995 681 3047; x_wconf 85' lang='lat' dir='ltr'><strong>nihil</strong></span> <span class='ocrx_word' id='word_1_238' title='bbox 700 2996 809 3046; x_wconf 85' lang='lat' dir='ltr'><strong>oculum</strong></span> <span class='ocrx_word' id='word_1_239' title='bbox 829 2995 952 3049; x_wconf 83' lang='lat' dir='ltr'><strong>inviduus</strong></span> <span class='ocrx_word' id='word_1_240' title='bbox 971 2997 1005 3048; x_wconf 89' lang='lat' dir='ltr'><strong>ab</strong></span> <span class='ocrx_word' id='word_1_241' title='bbox 1023 2999 1156 3050; x_wconf 86' lang='lat' dir='ltr'><strong>eiusmodi</strong></span> <span class='ocrx_word' id='word_1_242' title='bbox 1169 3007 1296 3069; x_wconf 86' lang='lat' dir='ltr'><strong>serpente</strong></span> <span class='ocrx_word' id='word_1_243' title='bbox 1335 3001 1370 3052; x_wconf 84' lang='lat' dir='ltr'><strong>&#39;i-</strong></span> 
     </span>
     <span class='ocr_line' id='line_1_29' title="bbox 273 3065 1370 3140; baseline -0.001 -17"><span class='ocrx_word' id='word_1_244' title='bbox 273 3072 345 3123; x_wconf 80' lang='lat' dir='ltr'><strong>lerre</strong></span> <span class='ocrx_word' id='word_1_245' title='bbox 366 3066 481 3122; x_wconf 73' lang='lat' dir='ltr'><strong>uariant.</strong></span> <span class='ocrx_word' id='word_1_246' title='bbox 532 3065 741 3119; x_wconf 89' lang='lat' dir='ltr'><strong>uernadmodum</strong></span> <span class='ocrx_word' id='word_1_247' title='bbox 767 3067 839 3118; x_wconf 90' lang='lat' dir='ltr'><strong>enim</strong></span> <span class='ocrx_word' id='word_1_248' title='bbox 865 3066 898 3118; x_wconf 87' lang='lat' dir='ltr'><strong>ab</strong></span> <span class='ocrx_word' id='word_1_249' title='bbox 927 3067 978 3120; x_wconf 85' lang='lat' dir='ltr'><strong>hac</strong></span> <span class='ocrx_word' id='word_1_250' title='bbox 1000 3067 1088 3120; x_wconf 87' lang='lat' dir='ltr'><strong>bestia</strong></span> <span class='ocrx_word' id='word_1_251' title='bbox 1110 3068 1239 3140; x_wconf 81' lang='lat' dir='ltr'><strong>quiddam</strong></span> <span class='ocrx_word' id='word_1_252' title='bbox 1256 3071 1370 3124; x_wconf 75' lang='lat' dir='ltr'><strong>exitiale</strong></span> 
     </span>
     <span class='ocr_line' id='line_1_30' title="bbox 272 3138 1370 3213; baseline 0.002 -21"><span class='ocrx_word' id='word_1_253' title='bbox 272 3149 431 3213; x_wconf 77' lang='lat' dir='ltr'><strong>promanat,</strong></span> <span class='ocrx_word' id='word_1_254' title='bbox 462 3157 517 3210; x_wconf 88' lang='lat' dir='ltr'><strong>quo</strong></span> <span class='ocrx_word' id='word_1_255' title='bbox 562 3138 702 3190; x_wconf 85' lang='lat' dir='ltr'><strong>hominem</strong></span> <span class='ocrx_word' id='word_1_256' title='bbox 726 3139 857 3190; x_wconf 86' lang='lat' dir='ltr'><strong>continuo</strong></span> <span class='ocrx_word' id='word_1_257' title='bbox 885 3140 1019 3209; x_wconf 86' lang='lat' dir='ltr'><strong>perimere</strong></span> <span class='ocrx_word' id='word_1_258' title='bbox 1057 3147 1144 3205; x_wconf 86' lang='lat' dir='ltr'><strong>otest,</strong></span> <span class='ocrx_word' id='word_1_259' title='bbox 1173 3143 1211 3192; x_wconf 92' lang='lat' dir='ltr'><strong>sic</strong></span> <span class='ocrx_word' id='word_1_260' title='bbox 1232 3141 1314 3194; x_wconf 87' lang='lat' dir='ltr'><strong>etiam</strong></span> <span class='ocrx_word' id='word_1_261' title='bbox 1333 3142 1370 3194; x_wconf 91' lang='lat' dir='ltr'><strong>de</strong></span> 
     </span>
     <span class='ocr_line' id='line_1_31' title="bbox 272 3157 1371 3282; baseline 0.002 -19"><span class='ocrx_word' id='word_1_262' title='bbox 272 3212 360 3263; x_wconf 87' lang='lat' dir='ltr'><strong>invidi</strong></span> <span class='ocrx_word' id='word_1_263' title='bbox 381 3211 468 3262; x_wconf 88' lang='lat' dir='ltr'><strong>oculis</strong></span> <span class='ocrx_word' id='word_1_264' title='bbox 484 3211 625 3263; x_wconf 71' lang='lat' dir='ltr'><strong>consimile</strong></span> <span class='ocrx_word' id='word_1_265' title='bbox 643 3207 772 3278; x_wconf 81' lang='lat' dir='ltr'><strong>quiddam</strong></span> <span class='ocrx_word' id='word_1_266' title='bbox 792 3210 857 3260; x_wconf 83' lang='lat' dir='ltr'><strong>exit</strong></span> <span class='ocrx_word' id='word_1_267' title='bbox 883 3219 912 3262; x_wconf 89' lang='lat' dir='ltr'><strong>et</strong></span> <span class='ocrx_word' id='word_1_268' title='bbox 927 3211 1023 3262; x_wconf 87' lang='lat' dir='ltr'><strong>mirum</strong></span> <span class='ocrx_word' id='word_1_269' title='bbox 1038 3157 1094 3262; x_wconf 61' lang='lat' dir='ltr'><strong>lico</strong></span> <span class='ocrx_word' id='word_1_270' title='bbox 1114 3212 1272 3281; x_wconf 83' lang='lat' dir='ltr'><strong>inprimis,</strong></span> <span class='ocrx_word' id='word_1_271' title='bbox 1291 3212 1371 3282; x_wconf 88' lang='lat' dir='ltr'><strong>quod</strong></span> 
     </span>
     <span class='ocr_line' id='line_1_32' title="bbox 271 3279 1371 3351; baseline -0.005 -15"><span class='ocrx_word' id='word_1_272' title='bbox 271 3283 329 3336; x_wconf 86' lang='lat' dir='ltr'><strong>suis</strong></span> <span class='ocrx_word' id='word_1_273' title='bbox 350 3297 545 3351; x_wconf 86' lang='lat' dir='ltr'><strong>nonnunquam</strong></span> <span class='ocrx_word' id='word_1_274' title='bbox 564 3281 713 3350; x_wconf 88' lang='lat' dir='ltr'><strong>perniciem</strong></span> <span class='ocrx_word' id='word_1_275' title='bbox 739 3279 871 3332; x_wconf 83' lang='lat' dir='ltr'><strong>adierant</strong></span> <span class='ocrx_word' id='word_1_276' title='bbox 897 3297 933 3333; x_wconf 89' lang='lat' dir='ltr'><strong>ne</strong></span> <span class='ocrx_word' id='word_1_277' title='bbox 972 3291 1097 3334; x_wconf 84' lang='lat' dir='ltr'><strong>etsmeu</strong></span> <span class='ocrx_word' id='word_1_278' title='bbox 1116 3281 1169 3334; x_wconf 86' lang='lat' dir='ltr'><strong>lroc</strong></span> <span class='ocrx_word' id='word_1_279' title='bbox 1188 3299 1288 3334; x_wconf 90' lang='lat' dir='ltr'><strong>novum</strong></span> <span class='ocrx_word' id='word_1_280' title='bbox 1308 3285 1371 3336; x_wconf 88' lang='lat' dir='ltr'><strong>cui.</strong></span> 
     </span>
     <span class='ocr_line' id='line_1_33' title="bbox 272 3351 1369 3424; baseline 0.005 -22"><span class='ocrx_word' id='word_1_281' title='bbox 272 3367 354 3423; x_wconf 87' lang='lat' dir='ltr'><strong>quam</strong></span> <span class='ocrx_word' id='word_1_282' title='bbox 383 3351 525 3404; x_wconf 82' lang='lat' dir='ltr'><strong>videatur:</strong></span> <span class='ocrx_word' id='word_1_283' title='bbox 551 3351 656 3404; x_wconf 80' lang='lat' dir='ltr'><strong>faciunt</strong></span> <span class='ocrx_word' id='word_1_284' title='bbox 681 3351 755 3402; x_wconf 82' lang='lat' dir='ltr'><strong>enirn</strong></span> <span class='ocrx_word' id='word_1_285' title='bbox 781 3351 811 3403; x_wconf 88' lang='lat' dir='ltr'><strong>id</strong></span> <span class='ocrx_word' id='word_1_286' title='bbox 830 3351 867 3404; x_wconf 83' lang='lat' dir='ltr'><strong>ad</strong></span> <span class='ocrx_word' id='word_1_287' title='bbox 883 3368 939 3422; x_wconf 88' lang='lat' dir='ltr'><strong>quo</strong></span> <span class='ocrx_word' id='word_1_288' title='bbox 980 3362 1109 3405; x_wconf 77' lang='lat' dir='ltr'><strong>enatura</strong></span> <span class='ocrx_word' id='word_1_289' title='bbox 1125 3361 1190 3405; x_wconf 90' lang='lat' dir='ltr'><strong>sunt</strong></span> <span class='ocrx_word' id='word_1_290' title='bbox 1206 3356 1369 3424; x_wconf 85' lang='lat' dir='ltr'><strong>comparati,</strong></span> 
     </span>
     <span class='ocr_line' id='line_1_34' title="bbox 271 3421 1370 3493; baseline 0.003 -18"><span class='ocrx_word' id='word_1_291' title='bbox 271 3439 329 3476; x_wconf 90' lang='lat' dir='ltr'><strong>non</strong></span> <span class='ocrx_word' id='word_1_292' title='bbox 349 3423 425 3493; x_wconf 90' lang='lat' dir='ltr'><strong>quod</strong></span> <span class='ocrx_word' id='word_1_293' title='bbox 450 3425 554 3474; x_wconf 84' lang='lat' dir='ltr'><strong>volunt</strong></span> <span class='ocrx_word' id='word_1_294' title='bbox 583 3421 681 3492; x_wconf 81' lang='lat' dir='ltr'><strong>quodni</strong></span> <span class='ocrx_word' id='word_1_295' title='bbox 704 3421 862 3484; x_wconf 79' lang='lat' dir='ltr'><strong>Eutelidas‚</strong></span> <span class='ocrx_word' id='word_1_296' title='bbox 890 3431 922 3474; x_wconf 91' lang='lat' dir='ltr'><strong>ut</strong></span> <span class='ocrx_word' id='word_1_297' title='bbox 941 3432 985 3475; x_wconf 90' lang='lat' dir='ltr'><strong>est</strong></span> <span class='ocrx_word' id='word_1_298' title='bbox 1003 3425 1077 3493; x_wconf 84' lang='lat' dir='ltr'><strong>apud</strong></span> <span class='ocrx_word' id='word_1_299' title='bbox 1094 3423 1285 3488; x_wconf 71' lang='lat' dir='ltr'><strong>Plutarchum,</strong></span> <span class='ocrx_word' id='word_1_300' title='bbox 1304 3443 1370 3478; x_wconf 86' lang='lat' dir='ltr'><strong>suos</strong></span> 
     </span>
     <span class='ocr_line' id='line_1_35' title="bbox 272 3493 1369 3564; baseline 0.005 -20"><span class='ocrx_word' id='word_1_301' title='bbox 272 3495 360 3564; x_wconf 87' lang='lat' dir='ltr'><strong>ipsius</strong></span> <span class='ocrx_word' id='word_1_302' title='bbox 378 3493 472 3545; x_wconf 84' lang='lat' dir='ltr'><strong>oculos</strong></span> <span class='ocrx_word' id='word_1_303' title='bbox 492 3495 522 3544; x_wconf 94' lang='lat' dir='ltr'><strong>in</strong></span> <span class='ocrx_word' id='word_1_304' title='bbox 548 3508 618 3562; x_wconf 85' lang='lat' dir='ltr'><strong>aqua</strong></span> <span class='ocrx_word' id='word_1_305' title='bbox 643 3501 803 3561; x_wconf 89' lang='lat' dir='ltr'><strong>conspectos</strong></span> <span class='ocrx_word' id='word_1_306' title='bbox 819 3493 976 3558; x_wconf 71' lang='lat' dir='ltr'><strong>lancinavit,</strong></span> <span class='ocrx_word' id='word_1_307' title='bbox 995 3511 1055 3546; x_wconf 90' lang='lat' dir='ltr'><strong>cum</strong></span> <span class='ocrx_word' id='word_1_308' title='bbox 1076 3495 1180 3547; x_wconf 79' lang='lat' dir='ltr'><strong>formae</strong></span> <span class='ocrx_word' id='word_1_309' title='bbox 1197 3503 1369 3551; x_wconf 76' lang='lat' dir='ltr'><strong>venustatem</strong></span> 
     </span>
     <span class='ocr_line' id='line_1_36' title="bbox 272 3563 1370 3636; baseline 0.002 -18"><span class='ocrx_word' id='word_1_310' title='bbox 272 3582 350 3618; x_wconf 85' lang='lat' dir='ltr'><strong>suam</strong></span> <span class='ocrx_word' id='word_1_311' title='bbox 376 3565 473 3616; x_wconf 84' lang='lat' dir='ltr'><strong>fuisset</strong></span> <span class='ocrx_word' id='word_1_312' title='bbox 502 3563 668 3623; x_wconf 77' lang='lat' dir='ltr'><strong>admiratus,</strong></span> <span class='ocrx_word' id='word_1_313' title='bbox 692 3564 781 3615; x_wconf 92' lang='lat' dir='ltr'><strong>multo</strong></span> <span class='ocrx_word' id='word_1_314' title='bbox 806 3565 890 3631; x_wconf 80' lang='lat' dir='ltr'><strong>magis</strong></span> <span class='ocrx_word' id='word_1_315' title='bbox 911 3563 1019 3617; x_wconf 90' lang='lat' dir='ltr'><strong>invidus</strong></span> <span class='ocrx_word' id='word_1_316' title='bbox 1037 3565 1131 3618; x_wconf 85' lang='lat' dir='ltr'><strong>oculus</strong></span> <span class='ocrx_word' id='word_1_317' title='bbox 1151 3567 1199 3618; x_wconf 86' lang='lat' dir='ltr'><strong>alii</strong></span> <span class='ocrx_word' id='word_1_318' title='bbox 1217 3566 1370 3636; x_wconf 87' lang='lat' dir='ltr'><strong>perniciem</strong></span> 
     </span>
     <span class='ocr_line' id='line_1_37' title="bbox 272 3633 1371 3708; baseline 0.002 -20"><span class='ocrx_word' id='word_1_319' title='bbox 272 3637 363 3700; x_wconf 76' lang='lat' dir='ltr'><strong>leret,</strong></span> <span class='ocrx_word' id='word_1_320' title='bbox 392 3635 470 3706; x_wconf 88' lang='lat' dir='ltr'><strong>quasi</strong></span> <span class='ocrx_word' id='word_1_321' title='bbox 486 3636 572 3686; x_wconf 89' lang='lat' dir='ltr'><strong>telum</strong></span> <span class='ocrx_word' id='word_1_322' title='bbox 599 3633 736 3705; x_wconf 86' lang='lat' dir='ltr'><strong>quoddam</strong></span> <span class='ocrx_word' id='word_1_323' title='bbox 754 3642 918 3686; x_wconf 86' lang='lat' dir='ltr'><strong>venenatum</strong></span> <span class='ocrx_word' id='word_1_324' title='bbox 936 3635 1094 3705; x_wconf 78' lang='lat' dir='ltr'><strong>corporibus</strong></span> <span class='ocrx_word' id='word_1_325' title='bbox 1112 3637 1146 3688; x_wconf 91' lang='lat' dir='ltr'><strong>iis</strong></span> <span class='ocrx_word' id='word_1_326' title='bbox 1164 3654 1234 3708; x_wconf 84' lang='lat' dir='ltr'><strong>quae</strong></span> <span class='ocrx_word' id='word_1_327' title='bbox 1251 3647 1371 3690; x_wconf 88' lang='lat' dir='ltr'><strong>contue-</strong></span> 
     </span>
     <span class='ocr_line' id='line_1_38' title="bbox 180 3703 1370 3779; baseline 0.002 -21"><span class='ocrx_word' id='word_1_328' title='bbox 180 3732 184 3743; x_wconf 94' lang='lat'>·</span> <span class='ocrx_word' id='word_1_329' title='bbox 271 3715 318 3758; x_wconf 91' lang='lat' dir='ltr'><strong>tur</strong></span> <span class='ocrx_word' id='word_1_330' title='bbox 336 3707 493 3758; x_wconf 82' lang='lat' dir='ltr'><strong>immittens.</strong></span> <span class='ocrx_word' id='word_1_331' title='bbox 513 3714 541 3758; x_wconf 92' lang='lat' dir='ltr'><strong>et</strong></span> <span class='ocrx_word' id='word_1_332' title='bbox 558 3703 626 3757; x_wconf 84' lang='lat' dir='ltr'><strong>haec</strong></span> <span class='ocrx_word' id='word_1_333' title='bbox 644 3703 757 3775; x_wconf 86' lang='lat' dir='ltr'><strong>quidem</strong></span> <span class='ocrx_word' id='word_1_334' title='bbox 774 3712 833 3756; x_wconf 91' lang='lat' dir='ltr'><strong>tum</strong></span> <span class='ocrx_word' id='word_1_335' title='bbox 847 3705 1015 3775; x_wconf 80' lang='lat' dir='ltr'><strong>experientia</strong></span> <span class='ocrx_word' id='word_1_336' title='bbox 1030 3716 1087 3760; x_wconf 91' lang='lat' dir='ltr'><strong>tum</strong></span> <span class='ocrx_word' id='word_1_337' title='bbox 1108 3710 1246 3778; x_wconf 82' lang='lat' dir='ltr'><strong>superiora</strong></span> <span class='ocrx_word' id='word_1_338' title='bbox 1259 3717 1370 3779; x_wconf 89' lang='lat' dir='ltr'><strong>tempo-</strong></span> 
     </span>
     <span class='ocr_line' id='line_1_39' title="bbox 268 3775 1370 3848; baseline 0 -20"><span class='ocrx_word' id='word_1_339' title='bbox 268 3778 300 3828; x_wconf 80' lang='lat' dir='ltr'><strong>‘ra</strong></span> <span class='ocrx_word' id='word_1_340' title='bbox 320 3777 479 3830; x_wconf 88' lang='lat' dir='ltr'><strong>docuerunt.</strong></span> <span class='ocrx_word' id='word_1_341' title='bbox 506 3793 571 3827; x_wconf 85' lang='lat' dir='ltr'><strong>nam</strong></span> <span class='ocrx_word' id='word_1_342' title='bbox 597 3775 669 3828; x_wconf 91' lang='lat' dir='ltr'><strong>oculi</strong></span> <span class='ocrx_word' id='word_1_343' title='bbox 697 3775 796 3844; x_wconf 84' lang='lat' dir='ltr'><strong>partina</strong></span> <span class='ocrx_word' id='word_1_344' title='bbox 817 3783 900 3845; x_wconf 81' lang='lat' dir='ltr'><strong>agunt</strong></span> <span class='ocrx_word' id='word_1_345' title='bbox 922 3779 1023 3846; x_wconf 87' lang='lat' dir='ltr'><strong>partim</strong></span> <span class='ocrx_word' id='word_1_346' title='bbox 1042 3780 1202 3848; x_wconf 87' lang='lat' dir='ltr'><strong>patiuntur,</strong></span> <span class='ocrx_word' id='word_1_347' title='bbox 1222 3797 1296 3831; x_wconf 88' lang='lat' dir='ltr'><strong>nunc</strong></span> <span class='ocrx_word' id='word_1_348' title='bbox 1315 3780 1370 3831; x_wconf 82' lang='lat' dir='ltr'><strong>ali.</strong></span> 
     </span>
     <span class='ocr_line' id='line_1_40' title="bbox 272 3846 1370 3917; baseline 0.004 -19"><span class='ocrx_word' id='word_1_349' title='bbox 272 3848 341 3917; x_wconf 79' lang='lat' dir='ltr'><strong>qnid</strong></span> <span class='ocrx_word' id='word_1_350' title='bbox 362 3850 517 3900; x_wconf 85' lang='lat' dir='ltr'><strong>emittentes</strong></span> <span class='ocrx_word' id='word_1_351' title='bbox 535 3863 609 3898; x_wconf 82' lang='lat' dir='ltr'><strong>nranc</strong></span> <span class='ocrx_word' id='word_1_352' title='bbox 627 3846 807 3914; x_wconf 85' lang='lat' dir='ltr'><strong>recipientes,</strong></span> <span class='ocrx_word' id='word_1_353' title='bbox 847 3847 1055 3902; x_wconf 87' lang='lat' dir='ltr'><strong>uemadmodum</strong></span> <span class='ocrx_word' id='word_1_354' title='bbox 1077 3850 1229 3902; x_wconf 86' lang='lat' dir='ltr'><strong>amantibus</strong></span> <span class='ocrx_word' id='word_1_355' title='bbox 1248 3859 1277 3902; x_wconf 91' lang='lat' dir='ltr'><strong>et</strong></span> <span class='ocrx_word' id='word_1_356' title='bbox 1294 3867 1370 3902; x_wconf 85' lang='lat' dir='ltr'><strong>ema·</strong></span> 
     </span>
     <span class='ocr_line' id='line_1_41' title="bbox 271 3865 1369 3992; baseline 0.004 -22"><span class='ocrx_word' id='word_1_357' title='bbox 271 3919 307 3970; x_wconf 86' lang='lat' dir='ltr'><strong>tls</strong></span> <span class='ocrx_word' id='word_1_358' title='bbox 338 3920 482 3971; x_wconf 81' lang='lat' dir='ltr'><strong>usuvenire</strong></span> <span class='ocrx_word' id='word_1_359' title='bbox 514 3917 645 3970; x_wconf 84' lang='lat' dir='ltr'><strong>videmur.</strong></span> <span class='ocrx_word' id='word_1_360' title='bbox 676 3933 789 3985; x_wconf 81' lang='lat' dir='ltr'><strong>magnus</strong></span> <span class='ocrx_word' id='word_1_361' title='bbox 815 3865 865 3970; x_wconf 76' lang='lat' dir='ltr'><strong>ide</strong></span> <span class='ocrx_word' id='word_1_362' title='bbox 891 3919 1005 3972; x_wconf 83' lang='lat' dir='ltr'><strong>Basilius</strong></span> <span class='ocrx_word' id='word_1_363' title='bbox 1036 3920 1242 3992; x_wconf 86' lang='lat' dir='ltr'><strong>inscriptionem</strong></span> <span class='ocrx_word' id='word_1_364' title='bbox 1267 3921 1369 3974; x_wconf 87' lang='lat' dir='ltr'><strong>Psalmi</strong></span> 
     </span>
     <span class='ocr_line' id='line_1_42' title="bbox 271 3985 1368 4062; baseline 0.004 -21"><span class='ocrx_word' id='word_1_365' title='bbox 271 3987 382 4041; x_wconf 79' lang='lat' dir='ltr'><strong>xxxln</strong></span> <span class='ocrx_word' id='word_1_366' title='bbox 402 4005 529 4040; x_wconf 84' lang='lat' dir='ltr'><strong>enarrans</strong></span> <span class='ocrx_word' id='word_1_367' title='bbox 548 3985 711 4058; x_wconf 87' lang='lat' dir='ltr'><strong>„equidem”</strong></span> <span class='ocrx_word' id='word_1_368' title='bbox 729 3989 771 4040; x_wconf 89' lang='lat' dir='ltr'><strong>ait</strong></span> <span class='ocrx_word' id='word_1_369' title='bbox 790 3987 836 4053; x_wconf 89' lang='lat' dir='ltr'><strong>„id</strong></span> <span class='ocrx_word' id='word_1_370' title='bbox 855 3989 930 4060; x_wconf 88' lang='lat' dir='ltr'><strong>quod</strong></span> <span class='ocrx_word' id='word_1_371' title='bbox 948 3991 1043 4056; x_wconf 79' lang='lat' dir='ltr'><strong>fertur,</strong></span> <span class='ocrx_word' id='word_1_372' title='bbox 1061 3992 1155 4044; x_wconf 88' lang='lat' dir='ltr'><strong>oculos</strong></span> <span class='ocrx_word' id='word_1_373' title='bbox 1174 3992 1260 4044; x_wconf 87' lang='lat' dir='ltr'><strong>telum</strong></span> <span class='ocrx_word' id='word_1_374' title='bbox 1277 3991 1368 4062; x_wconf 87' lang='lat' dir='ltr'><strong>quod-</strong></span> 
     </span>
     <span class='ocr_line' id='line_1_43' title="bbox 271 4057 1367 4132; baseline 0.005 -22"><span class='ocrx_word' id='word_1_375' title='bbox 271 4059 334 4110; x_wconf 85' lang='lat' dir='ltr'><strong>dam</strong></span> <span class='ocrx_word' id='word_1_376' title='bbox 351 4067 516 4111; x_wconf 86' lang='lat' dir='ltr'><strong>venenatum</strong></span> <span class='ocrx_word' id='word_1_377' title='bbox 538 4057 685 4122; x_wconf 73' lang='lat' dir='ltr'><strong>circulari,</strong></span> <span class='ocrx_word' id='word_1_378' title='bbox 712 4066 841 4129; x_wconf 86' lang='lat' dir='ltr'><strong>tanquam</strong></span> <span class='ocrx_word' id='word_1_379' title='bbox 858 4061 970 4130; x_wconf 83' lang='lat' dir='ltr'><strong>vulgare</strong></span> <span class='ocrx_word' id='word_1_380' title='bbox 987 4079 1018 4115; x_wconf 84' lang='lat' dir='ltr'><strong>ac</strong></span> <span class='ocrx_word' id='word_1_381' title='bbox 1034 4081 1049 4114; x_wconf 89' lang='lat' dir='ltr'><strong>a</strong></span> <span class='ocrx_word' id='word_1_382' title='bbox 1067 4063 1166 4114; x_wconf 89' lang='lat' dir='ltr'><strong>vetulis</strong></span> <span class='ocrx_word' id='word_1_383' title='bbox 1185 4063 1367 4132; x_wconf 75' lang='lat' dir='ltr'><strong>excogitatum</strong></span> 
     </span>
     <span class='ocr_line' id='line_1_44' title="bbox 271 4127 1369 4205; baseline 0.006 -26"><span class='ocrx_word' id='word_1_384' title='bbox 271 4129 301 4181; x_wconf 93' lang='lat' dir='ltr'><strong>in</strong></span> <span class='ocrx_word' id='word_1_385' title='bbox 318 4129 463 4182; x_wconf 86' lang='lat' dir='ltr'><strong>mulierum</strong></span> <span class='ocrx_word' id='word_1_386' title='bbox 490 4127 663 4182; x_wconf 80' lang='lat' dir='ltr'><strong>conclavibus</strong></span> <span class='ocrx_word' id='word_1_387' title='bbox 695 4130 797 4182; x_wconf 87' lang='lat' dir='ltr'><strong>reiicio.</strong></span> <span class='ocrx_word' id='word_1_388' title='bbox 815 4129 878 4184; x_wconf 90' lang='lat' dir='ltr'><strong>dico</strong></span> <span class='ocrx_word' id='word_1_389' title='bbox 901 4142 992 4185; x_wconf 87' lang='lat' dir='ltr'><strong>autem</strong></span> <span class='ocrx_word' id='word_1_390' title='bbox 1008 4133 1093 4184; x_wconf 88' lang='lat' dir='ltr'><strong>malos</strong></span> <span class='ocrx_word' id='word_1_391' title='bbox 1107 4134 1219 4201; x_wconf 78' lang='lat' dir='ltr'><strong>genios,</strong></span> <span class='ocrx_word' id='word_1_392' title='bbox 1234 4135 1282 4205; x_wconf 89' lang='lat' dir='ltr'><strong>qui</strong></span> <span class='ocrx_word' id='word_1_393' title='bbox 1301 4133 1369 4186; x_wconf 83' lang='lat' dir='ltr'><strong>odie</strong></span> 
     </span>
     <span class='ocr_line' id='line_1_45' title="bbox 272 4197 1367 4274; baseline 0.004 -23"><span class='ocrx_word' id='word_1_394' title='bbox 272 4197 339 4252; x_wconf 83' lang='lat' dir='ltr'><strong>boni</strong></span> <span class='ocrx_word' id='word_1_395' title='bbox 357 4201 487 4271; x_wconf 70' lang='lat' dir='ltr'><strong>llassrant,</strong></span> <span class='ocrx_word' id='word_1_396' title='bbox 506 4201 530 4252; x_wconf 89' lang='lat' dir='ltr'><strong>si</strong></span> <span class='ocrx_word' id='word_1_397' title='bbox 548 4215 616 4270; x_wconf 85' lang='lat' dir='ltr'><strong>quas</strong></span> <span class='ocrx_word' id='word_1_398' title='bbox 634 4201 773 4272; x_wconf 79' lang='lat' dir='ltr'><strong>reperiant</strong></span> <span class='ocrx_word' id='word_1_399' title='bbox 792 4211 986 4258; x_wconf 82' lang='lat' dir='ltr'><strong>consentaneas</strong></span> <span class='ocrx_word' id='word_1_400' title='bbox 1005 4205 1069 4274; x_wconf 86' lang='lat' dir='ltr'><strong>ipsis</strong></span> <span class='ocrx_word' id='word_1_401' title='bbox 1083 4213 1112 4256; x_wconf 89' lang='lat' dir='ltr'><strong>et</strong></span> <span class='ocrx_word' id='word_1_402' title='bbox 1128 4203 1252 4258; x_wconf 83' lang='lat' dir='ltr'><strong>addictas</strong></span> <span class='ocrx_word' id='word_1_403' title='bbox 1263 4203 1367 4257; x_wconf 78' lang='lat' dir='ltr'><strong>rolan-</strong></span> 
     </span>
    </p>
   </div>
   <div class='ocr_carea' id='block_1_6' title="bbox 0 0 1504 4859">
    <p class='ocr_par' dir='ltr' id='par_1_6' title="bbox 0 0 1504 4859">
     <span class='ocr_line' id='line_1_46' title="bbox 0 0 1504 4859; baseline 0 0"><span class='ocrx_word' id='word_1_404' title='bbox 0 0 1504 4859; x_wconf 95' lang='lat' dir='ltr'><strong> </strong></span> 
     </span>
    </p>
   </div>
  </div>
 </body>
</html>
