3000 4859
253 241 333 328 136
473 338 476 347 .
579 269 794 335 uicinius
827 267 990 335 nnuma

246 420 289 495 οῦς
309 419 326 484 ό
348 421 509 496 θειότατος
536 415 637 505 ἔφησε
660 417 830 505 Κύριλλος.
881 418 919 486 τό
942 419 1032 504 πύθη
1052 417 1187 508 κατ’,γόρ
1209 419 1337 502 ταῦτα,

243 513 341 604 ἤγουν
362 517 458 604 ἡδονὴ
478 517 534 583 καὶ
564 517 647 604 λύπη
666 523 722 584 κατ’
740 519 868 602 ύθαμιά
897 521 1156 604 προηγουμένως,
1182 518 1336 598 οὐμενοῦν

246 619 287 706 τῇ
305 617 368 682 τόν
386 615 565 703 α’νθρύποον
586 618 684 704 φύσει
704 623 774 684 κατ’
800 619 905 702 ἀρχὰς
923 618 1181 701 σονεκτύσθησαν,
1202 617 1272 682 ἀλλ’
1292 615 1337 694 οῦς

248 715 447 792 όθειύτατός
481 740 564 802 φησι
590 713 763 800 Μάξιμος,
789 713 923 804 ῦστερον
952 717 1127 802 διιεισὴχθη
1159 720 1260 783 ταῦτα
1279 713 1337 780 διὰ

218 818 306 901 cripe
332 812 523 902 τελειότητος
549 813 724 900 ἔκπτωσιν,
755 819 799 906 τῷ
819 816 1000 905 όλογωτέριρ
1019 818 1111 902 μέρει
1130 805 1365 902 προσφύένταὸ

246 920 300 1001 τῆς
321 913 457 1002 φύσεος.
505 915 626 992 τούτοις
644 921 707 998 μὲν
731 909 789 982 σύν
809 912 995 992 ἀκολούθως
1015 915 1071 980 κατ’
1090 913 1110 980 o‘
1131 917 1231 998 peyne
1252 915 1335 993 διέξ-

245 1041 309 1082 εισι
337 1017 530 1100 Βασιλειος,
565 1017 664 1098 λέγων
693 1015 827 1098 ,·,σκόπει
846 1013 933 1100 τύςῆ
956 1008 1019 1079 ciui
1034 1011 1152 1098 σαρκός
1172 1010 1251 1098 πρός
1269 1030 1338 1096 pu.

246 1116 309 1202 γύην
342 1117 519 1182 ἐπανιοῦσα
544 1111 754 1197 συμπάθεια,
781 1115 849 1190 ποῦς
883 1114 1012 1197 δέχεται
1041 1115 1102 1196 μὲν
1120 1111 1176 1197 τὴν
1198 1111 1282 1198 ζωην
1302 1115 1365 1178 ε’κ”

246 1219 304 1300 τη”ς
322 1217 432 1298 ψυχῆς
451 1212 486 1281 τό
508 1217 619 1296 σιῦμα,
640 1217 770 1298 δέχεται
788 1217 824 1280 δῦ
840 1201 1017 1298 α’λγηδόνας
1036 1209 1099 1277 dni
1117 1213 1173 1276 τοῦ
1191 1213 1339 1292 σώματος

245 1315 267 1398 ἡ
289 1311 411 1398 proprj?
451 1316 507 1378 eoi
525 1302 610 1378 οῦτοι
630 1315 691 1394 μὲν
715 1308 838 1388 ούτιος·
882 1309 899 1376 ό
921 1313 957 1376 δὲ
974 1309 1192 1396 Ἀριστοτέλης
1212 1303 1338 1395 ύνθρα-
1351 1339 1390 1384 10

246 1415 351 1487 πόνοις
373 1418 535 1496 λογισμοῖς
555 1410 754 1494 ἐρειδόμενος
785 1414 820 1478 ἐν
840 1412 921 1499 αύτῇ
944 1410 1177 1494 διισχυρίζεται
1196 1412 1236 1496 τῇ
1257 1433 1340 1494 einp.

248 1515 302 1598 dr‘p
321 1509 378 1576 τόν
407 1507 547 1596 ἡγεμόνα
576 1513 653 1576 νοῦν
682 1515 846 1576 ποιεῖσθαι
874 1509 932 1596 την
958 1507 1095 1594 οἴκησιν,
1129 1501 1172 1586 οῦς
1191 1509 1341 1574 ε’ντεῦθεν

246 1611 305 1696 τὴν
324 1607 547 1696 προαιρετικὴν
566 1609 668 1674 αύτού
695 1604 830 1692 δύναμιν
851 1610 990 1685 ιύπετοῦς
1011 1609 1064 1695 ἐφ’
1084 1602 1170 1674 darer
1189 1605 1223 1674 τό
1246 1609 1342 1690 σῶμα

249 1709 504 1794 διαμεριζεσθαι.
550 1711 653 1795 ἕτεροι
680 1709 711 1775 δ’
731 1702 776 1774 ού
804 1703 910 1793 ὥσπερ
931 1703 1100 1794 ύκρόπολίν
1117 1730 1190 1773 τινα
1213 1705 1272 1792 τήν
1291 1729 1343 1772 κε-

216 1804 358 1896 ῃφαλην
390 1809 590 1902 δεδομησθαι
615 1805 705 1892 παρὰ
725 1809 783 1892 τῆς
806 1805 935 1896 φύσεως
955 1809 1117 1891 λέγουσιν,
1138 1807 1183 1884 οῦς
1204 1807 1239 1871 δν
1260 1801 1393 1894 oriem

250 1904 309 1972 τόν
332 1903 469 1990 ἡγεμόνα
497 1907 572 1972 νοῦν
598 1905 845 1990 ἐνδιαιτᾶσθαι,
874 1904 1018 1991 καθάπερ
1040 1902 1112 1972 τινὰ
1132 1906 1267 1988 βασιλέα
1286 1907 1345 1970 τοῦ

251 2003 372 2082 παντός
398 2004 661 2091 ύπερκαθημενον
688 2005 845 2090 στόματος.
889 2005 918 2072 oi
938 2009 975 2072 δι’
993 2029 1028 2090 γε
1048 2002 1083 2072 τό
1104 2008 1160 2088 τῆς
1179 2006 1344 2090 ἐκκλησίας

252 2100 479 2188 πρεσβεύοντες
513 2101 687 2192 όρθόδοξον
714 2107 865 2192 φρόνημα
888 2104 946 2190 την
966 2109 1034 2170 καί
1054 2102 1159 2170 εἰκόνα
1180 2107 1259 2168 θεοῦ
1278 2128 1347 2168 κτι-

254 2208 389 2272 σθεῖσαν
421 2200 535 2288 νοερύν
561 2200 654 2288 ἡμῶν
686 2202 798 2290 ψυχήν
827 2201 861 2270 ἔν
881 2227 946 2270 τινι
973 2203 1059 2292 τόπηι
1095 2205 1152 2269 τοῦ
1179 2200 1346 2284 στόματος,

257 2301 425 2384 ύσιόμαιον
445 2295 567 2385 odone,
597 2306 732 2382 τοπιιαῦς
761 2300 953 2388 περιοριζειν
974 2303 1030 2368 οῦκ
1050 2299 1173 2368 ἴσασιν·
1215 2295 1273 2385 ύλη
1291 2303 1397 2378 anim

256 2399 316 2486 γὰρ
347 2403 391 2466 δι’
417 2395 492 2466 iton
523 2401 625 2486 διήκει
657 2405 715 2470 τοῦ
734 2401 901 2486 σιόματος,
928 2397 1002 2467 δ’λαν
1022 2399 1101 2468 αύτό
1120 2403 1272 2485 ψυχοῦσα
1294 2401 1350 2468 κατ’

260 2496 332 2566 iton
360 2492 419 2585 ῦλη
450 2500 727 2588 καταφατιζονσα.
778 2504 833 2567 καὶ
848 2498 990 2588 καθάπερ
1020 2499 1037 2567 ὃ
1058 2499 1134 2577 θεός
1153 2490 1191 2566 οὗ
1207 2501 1263 2566 κατ’
1281 2505 1349 2568 κατ’

261 2795 470 2861 perpeteretur,
488 2807 560 2861 quae
576 2791 687 2864 utrique
702 2795 813 2865 propola
830 2803 901 2848 eunt
917 2794 1041 2865 adeoque
1059 2793 1169 2848 modurn
1187 2792 1349 2847 inanitionie

263 2861 368 2930 ubique
393 2863 524 2924 aervauit,
549 2863 775 2933 quemadmodum
801 2867 842 2917 vir
866 2865 1049 2918 divinieeinrue
1070 2865 1187 2932 Cyrillue
1216 2865 1349 2934 loquitur.

262 2947 315 2982 nec
332 2938 424 2983 tamen
438 2931 607 2986 adlectionee
621 2935 691 2987 ictae
711 2934 746 2986 ab
775 2935 856 2989 initio
876 2955 935 2989 cum
953 2937 1092 2990 hominum
1109 2943 1205 2988 natuta
1223 2935 1349 2988 conditae

263 3009 341 3064 eunt,
370 3001 420 3053 aed
443 3004 594 3073 poeteriue‘,
621 3013 652 3059 ut
669 3005 802 3059 Maximue
826 3007 961 3076 loquitur,
990 3009 1173 3077 irrepserunt,
1190 3021 1222 3058 ac
1239 3015 1351 3076 propter

263 3071 436 3124 amiaeionean
461 3073 639 3144 perlectionie
663 3076 707 3128 illi
732 3085 846 3130 naturae
872 3080 942 3150 parti
963 3076 1146 3131 adlraeeerunt
1171 3092 1242 3147 quoe
1270 3077 1351 3130 bruta

265 3149 308 3193 eet
326 3157 359 3193 ac
378 3145 490 3196 rationie
517 3160 551 3197 ex
571 3162 622 3199 ere.
647 3147 733 3200 tradit
752 3147 796 3200 luia
813 3157 993 3200 consentanea
1010 3149 1123 3200 Baeiliua
1142 3165 1196 3218 quo
1217 3163 1270 3212 ue,
1288 3165 1351 3200 curn

265 3212 305 3263 ait
331 3214 492 3275 „considera
515 3217 553 3268 nri
575 3217 582 3230 ⁸
613 3232 683 3288 quae
706 3227 803 3272 mutua
828 3220 865 3272 eit
891 3218 1008 3272 adfectio
1028 3219 1063 3270 de
1082 3235 1162 3272 carne
1181 3163 1217 3269 ad
1235 3219 1351 3270 animam

264 3291 426 3351 penetrant,
456 3285 505 3356 qui
533 3303 631 3358 corpne
653 3289 688 3341 ab
712 3291 804 3342 anima
820 3289 904 3342 eitam
930 3287 1242 3360 accipiat,etuicieei1n
1262 3289 1352 3342 anima

265 3351 391 3406 dolorum
411 3355 531 3425 corporis
547 3359 682 3429 particepe
699 3359 772 3413 new
790 3367 819 3413 et
834 3359 903 3413 lraec
923 3359 1034 3430 quidem
1047 3359 1082 3412 ab
1099 3359 1142 3412 hie
1160 3359 1260 3412 tradita
1278 3368 1351 3413 eunt.

264 3423 424 3477 Aristotelen
450 3434 542 3480 autem
571 3429 723 3483 rationibne
740 3430 865 3484 hnmanie
882 3433 991 3484 innixae
1009 3439 1143 3494 mentem,
1163 3445 1235 3501 quae
1253 3431 1283 3482 in
1299 3430 1352 3482 lao-

263 3493 340 3545 mine
367 3495 550 3568 principatum
575 3499 698 3566 obtinet,
722 3501 815 3554 eedem
834 3503 863 3554 in
881 3501 962 3554 corde
980 3518 1056 3554 auam
1073 3500 1175 3553 habere
1193 3501 1352 3566 confirmat,

265 3562 340 3615 unde
355 3568 395 3617 eia
416 3567 473 3619 eine
490 3569 524 3620 ab
544 3569 679 3623 electione
696 3572 867 3644 concilioque
893 3571 1016 3641 pendens
1036 3571 1191 3624 univercum
1208 3571 1238 3624 in
1256 3587 1353 3640 corpus

266 3633 348 3686 facile
374 3635 562 3695 distribuatur.
590 3641 639 3692 alii
658 3648 741 3712 caput
766 3644 850 3695 inetnr
867 3641 1007 3695 cniusdam
1024 3645 1091 3695 arcia
1109 3659 1125 3693 a
1142 3651 1238 3695 natura
1258 3641 1355 3696 dicunt

266 3711 447 3772 exatmctnm,
468 3715 500 3761 nt
519 3711 643 3782 princepe
672 3712 702 3763 in
719 3711 829 3766 homine
855 3729 931 3765 mene
959 3715 1039 3783 degat
1055 3715 1085 3766 in
1104 3730 1136 3766 eo
1155 3714 1288 3782 quatique
1306 3729 1353 3764 rex

266 3773 358 3827 eedem
375 3795 456 3848 rupea
480 3790 577 3849 corpue
600 3783 756 3835 univercum
778 3785 893 3855 positum
921 3781 1029 3836 haheat.
1044 3801 1136 3836 verum
1155 3784 1204 3853 qui
1222 3783 1353 3836 eccleciae

267 3848 429 3900 cententiam
452 3859 622 3920 aequantur,
643 3853 762 3905 animam
784 3863 903 3908 noctram
925 3855 1124 3926 intelligentiae
1140 3854 1169 3906 vi
1188 3853 1354 3926 praeditam,

267 3930 339 3984 quae
362 3915 398 3968 ad
427 3919 571 3988 imaginem
595 3921 641 3974 dei
664 3924 774 3976 condita
793 3933 834 3978 cet
856 3935 884 3978 et
901 3941 947 3977 cor
967 3927 1021 3978 oria
1041 3935 1082 3978 eet
1102 3941 1214 3995 expers,
1233 3925 1354 3978 incerto

266 3982 386 4052 quodam
410 3991 530 4058 corporis
555 3991 616 4042 loco
643 3993 861 4046 circumscribere
886 3944 1010 4048 localiter
1026 3997 1132 4050 uolunt.
1149 4011 1212 4048 nana
1230 4003 1289 4048 tota
1305 4012 1355 4065 per

268 4063 355 4106 totum
375 4074 421 4109 cor
441 4077 472 4111 ua
490 4076 550 4113 eene
568 4061 657 4125 didit,
684 4071 714 4114 et
726 4065 814 4133 ipeunr
833 4065 949 4132 animat,
966 4075 1110 4135 totumquo
1129 4073 1187 4118 tota
1204 4067 1355 4120 colluetrat.

270 4134 298 4178 et
316 4143 413 4196 querere
461 4129 544 4184 odom
573 4120 658 4197 deni,
687 4135 765 4188 cuine
791 4133 826 4188 ad
843 4137 986 4208 imaginem
1011 4135 1121 4192 condita
1141 4145 1199 4202 eet,
1218 4153 1274 4192 non
1292 4153 1355 4208 pare
