3000 4859
507 369 722 430 auuauuu
752 371 854 433 raus
885 375 909 434 t.
1172 355 1249 439 163

161 514 249 601 παρὰ
271 519 350 581 πόσι
368 511 483 599 σχεδόν
496 519 575 601 περί
588 541 622 582 τε
643 517 700 601 τῆς
724 515 852 604 φύσεως
871 523 928 585 rosi
943 527 1046 608 φυτοῦ
1058 527 1177 593 ἐκείνου
1197 533 1253 597 καί

159 620 215 700 τῆς
235 617 386 700 βρώσεως
409 615 522 680 αὐτοῦ.
545 616 601 681 καί
621 609 659 679 ori
681 617 903 702 τοῦτομόνον,
925 618 1006 687 α’λλά
1029 629 1084 690 καί
1101 627 1251 710 βροόσεως

160 719 376 801 ἐμφορεῖσθαι
396 716 522 797 λέγουσι
543 713 597 778 τόν
614 715 722 797 'Atto
742 717 911 801 αἰσθητῆς,
941 730 1042 785 ποιεῖν
1061 747 1095 788 τε
1115 731 1170 792 καί
1188 755 1251 792 πει-

159 839 250 898 σχειν
270 807 331 879 όσοι
350 812 430 894 μετό
450 811 507 898 τόν
527 817 647 898 βρῶσιν
679 815 713 894 ἐξ
734 813 869 901 ἀνάγκης
889 823 928 905 τῇ
947 823 1050 908 θνητῇ
1070 821 1166 908 φύσει
1189 853 1250 892 πο-

130 915 304 994 5ρέπεται.
350 909 428 976 ὅθεν
449 913 619 996 ἀναγκαῖον
636 917 712 998 περί
735 918 792 999 τῆς
812 912 1049 1001 φόσεωςαιίτοῦ
1068 926 1126 986 τοῦ
1144 923 1282 1009 ’Adduo

158 1013 325 1093 διαλαβεῖν
354 1011 525 1094 πρότερον·
581 1005 664 1076 adro
684 1011 746 1096 γὰρ
771 1014 1014 1098 ἑπιγνωσόμεθοι
1044 1017 1124 1086 nurui
1145 1045 1179 1106 ys
1211 1023 1248 1088 τό

157 1112 320 1193 ἐγχωροῦν
339 1113 386 1185 τίς
406 1134 440 1173 τε
461 1106 482 1194 ἦ
505 1114 622 1193 βρῶσις
644 1109 683 1193 ἢν
704 1107 800 1187 αότός
821 1115 855 1178 ἐν
875 1117 918 1202 τῷ
939 1120 1119 1209 nepotata
1141 1115 1251 1213 ἤσθιεν

157 1208 178 1274 ό
194 1205 321 1291 Ἀδάμ,
349 1208 406 1272 καί
434 1207 469 1273 τό
505 1207 606 1296 φυτόν
639 1207 791 1286 ὡσαύτως
821 1216 876 1296 τῆς
895 1215 1037 1296 γνώσεως
1061 1223 1167 1283 ὁποῖον
1186 1213 1251 1304 ἄρα

156 1308 215 1392 τόν
235 1306 333 1394 φόσιν
355 1307 533 1390 ἐτύγχανεν.
582 1309 719 1392 πρόσεχε
748 1303 818 1375 σόν.
860 1310 916 1376 τόν
942 1308 1048 1396 ’Atto
1082 1311 1172 1382 ἄλλοι
1192 1324 1252 1401 μὲν

111 1406 275 1492 ιοθιητόν
295 1404 356 1470 όπό
381 1412 462 1471 θεοῦ
484 1402 696 1492 παραχθῆναί
713 1432 831 1494 φασιν,
853 1411 953 1493 ἕτεροι
975 1417 1010 1478 δὲ
1031 1397 1131 1500 μίσρν
1154 1413 1251 1484 αότόν

157 1504 245 1590 ἔχειν
264 1505 514 1588 διισχυριζοντιιι
537 1509 645 1590 τάξιν,
667 1511 828 1573 τουτέστιν
851 1511 1030 1588 ἀθανασίας
1051 1508 1133 1579 εἶναι
1153 1517 1252 1596 μέσον

159 1604 263 1672 αὐτόν
286 1605 341 1669 κατ’
359 1605 565 1690 θνητότητος·
608 1607 640 1671 εί
657 1604 702 1692 μὴ
726 1606 784 1691 γὰρ
809 1613 901 1672 τοῦτο
923 1601 969 1693 ἦν,
993 1611 1035 1687 uic
1055 1617 1170 1679 ἐκεῖνοί
1187 1641 1252 1702 φα-

157 1731 224 1786 σιν,
246 1705 301 1770 osia
321 1700 361 1768 όν
379 1701 515 1769 όπὲπεσε
541 1704 668 1794 θανότφ
687 1707 765 1788 μετὰ
787 1705 843 1792 τήν
860 1708 1055 1793 παράβασιν.
1079 1717 1146 1779 a’tt·
1168 1709 1250 1802 ἄφες

159 1803 294 1885 αίτοός,
317 1803 381 1888 εἴγε
400 1805 456 1868 καί
473 1809 593 1886 μᾶλλον
617 1801 635 1868 ό
657 1804 759 1892 σοφός
779 1807 932 1888 Σολομιόν
953 1813 987 1874 ἑν
1004 1813 1044 1898 τῇ
1065 1814 1164 1904 σοφίρι
1188 1817 1251 1878 ου’-

108 1909 220 1976 ι5τοῦ
242 1903 322 1969 κατὰ
352 1905 434 1982 λέξιν
468 1900 567 1980 οὕτως
589 1901 719 1990 εὕρηται
747 1909 846 1988 λέγων
876 1904 915 1990 ,,ό
935 1907 1010 1984 θεός
1030 1911 1169 1977 θάνατον
1191 1908 1250 1979 οόκ

158 2006 319 2087 ἐποίησεν,
343 2003 413 2067 ἀλλ’
432 2003 480 2068 ἐπ’
500 2005 666 2094 α’φθαρσίρι
685 2001 740 2073 τόν
762 1999 933 2088 όνθραιπον
954 2005 1055 2073 ἔκτισε
1076 2017 1146 2074 κατ’
1167 2013 1332 2100 είκόιρρθ

158 2127 199 2168 να
220 2107 277 2183 τῆς
312 2099 488 2186 α’ἵόιότητος
516 2106 629 2168 ου’τοό.
672 2101 783 2192 φθόνῳ
804 2106 840 2168 δὲ
862 2110 920 2169 τοῦ
944 2105 1092 2187 διαβόλου
1112 2109 1249 2188 θάνατος

159 2207 205 2279 εἰς
222 2201 277 2267 τόν
296 2201 413 2283 κόσμον
442 2205 624 2287 εἰσῆλθεν.”
670 2201 757 2285 εἴπερ
787 2194 846 2268 σόν
869 2199 885 2266 ό
908 2203 983 2278 θεός
1012 2207 1060 2268 ἐπ’
1081 2209 1249 2299 α’φθαρσίρ

159 2299 261 2366 ἔκτισε
281 2308 352 2365 κατ’
374 2301 479 2366 εἰκόνα
500 2303 553 2387 τῆς
573 2296 749 2386 όϊδιότητος
772 2303 889 2384 usitari,
910 2307 978 2378 παῖς
997 2301 1134 2386 εἴπωμεν
1152 2307 1250 2373 ου’τόν

107 2399 350 2470 ιοόποκεῖσθαι
370 2403 480 2488 φθορᾷ
500 2401 556 2466 καί
572 2398 752 2485 θνητότρτι,
772 2399 827 2466 καί
845 2403 947 2468 ταῦτα
969 2405 1028 2467 τοῦ
1047 2407 1126 2468 θεοῦ
1147 2403 1250 2470 θάνα-

157 2523 232 2582 τον,
259 2496 301 2576 ὥς
323 2498 462 2584 εἴρηται,
482 2500 527 2587 μῆ
549 2499 739 2584 ποιήσαντος
759 2496 815 2566 εἶπ’
836 2496 959 2586 οἶρχῆς,·
980 2505 1011 2567 εἰ
1029 2499 1091 2587 γὰρ
1113 2501 1249 2584 εἴπωμεν

158 2597 209 2665 ότι
228 2599 266 2672 τό,
286 2604 379 2683 σῶμα
414 2602 473 2665 rosi
490 2599 594 2684 Ἀόόμ
613 2601 712 2666 ἐκεῖνο
732 2600 789 2666 καί
809 2603 918 2688 φθορᾷ
941 2601 1021 2668 κατά
1044 2627 1113 2668 τινα
1132 2601 1249 2688 τρόπον

158 2935 217 2978 tuns
245 2919 386 2978 fruitione.
415 2943 450 2978 ne
490 2942 506 2978 e
535 2925 570 2976 de
587 2926 639 2977 hoc
668 2935 791 2990 tantum,
818 2926 867 2980 sed
896 2925 977 2978 etiam
1000 2923 1127 2976 nonnulli
1153 2923 1248 2980 volunt

158 2997 292 3048 Adamum
312 2997 375 3048 cibo
393 2997 487 3048 sensii
505 2997 587 3048 fuisse
605 2998 745 3059 satiatum,
767 3013 853 3066 eaque
871 3004 928 3048 tum
949 2997 1044 3048 secisse
1064 3003 1122 3047 tum
1141 3013 1249 3064 passum

159 3083 219 3119 esse
239 3083 310 3137 quae
329 3085 344 3118 a
364 3076 442 3137 pastu
459 3070 610 3119 necessario
629 3077 742 3119 naturae
767 3068 875 3118 mortali
895 3073 1094 3118 consueverunt
1114 3065 1247 3119 accidere.

157 3147 326 3208 quapropter
354 3140 412 3208 ipsa
429 3139 545 3209 requirit
571 3140 716 3189 necessitas
741 3145 772 3189 ut
791 3137 825 3188 de
845 3138 928 3206 ipsius
946 3136 1039 3190 Adurni
1057 3145 1155 3188 natura
1172 3139 1247 3206 prius

156 3210 295 3278 quaedam
315 3224 490 3280 exponamus..
505 3226 566 3260 nam
584 3225 615 3259 ea
636 3209 740 3259 ratione
762 3224 969 3276 cognoscemus,
987 3215 1118 3277 quantum
1136 3207 1246 3277 quidem

158 3281 219 3329 eius
246 3281 306 3330 fieri
323 3281 439 3348 poterit,
456 3281 516 3350 quis
540 3279 613 3330 cibus
636 3278 684 3330 iiie
708 3279 858 3348 fueritquo
885 3279 914 3329 in
942 3277 1068 3347 paradiso
1087 3277 1247 3330 vescebatur

157 3349 295 3414 Adamas,
326 3358 354 3402 et
370 3368 439 3421 quae
466 3351 568 3402 arboris
592 3350 720 3402 scientiae
737 3357 833 3400 natura
863 3349 1003 3400 exstiterit.
1050 3347 1179 3400 Adamum
1199 3349 1246 3400 aiii

158 3420 271 3490 quidem
299 3437 315 3470 a
340 3419 392 3472 deo
420 3421 559 3473 conditum
588 3421 669 3470 fuisse
699 3420 841 3470 mortalem
866 3418 977 3482 dicunt,
1007 3419 1054 3469 aiii
1072 3435 1136 3469 vero
1154 3419 1245 3472 medio

158 3490 278 3558 quodam
296 3489 357 3542 ioco
373 3493 555 3554 constituunt,
572 3490 698 3542 nimirum
715 3491 787 3542 inter
804 3490 1030 3547 immortalitatem
1050 3497 1078 3540 et
1094 3489 1247 3541 mortaiita-

158 3570 223 3612 tem.
254 3563 357 3612 etenim
383 3561 485 3632 absque
514 3560 566 3612 hoc
591 3563 677 3622 foret,
696 3570 728 3612 ut
752 3561 803 3630 ipsi
823 3559 933 3630 quidem
951 3560 1094 3630 inquiunt,
1112 3577 1167 3612 non
1184 3568 1247 3628 post

158 3633 397 3699 transgressionem
416 3634 495 3683 morti
517 3633 613 3683 fnisset
633 3632 719 3682 foetus
749 3631 891 3682 obnoxius.
911 3633 1045 3682 enimvero
1064 3639 1094 3682 tn
1113 3631 1164 3682 hos
1182 3631 1247 3684 mis-

157 3718 203 3752 sos
221 3703 319 3764 facito,
346 3701 454 3773 qnando
484 3703 591 3773 sapiens
612 3703 660 3752 iile
679 3701 789 3752 Soiomo
808 3703 836 3752 in
853 3702 987 3770 sapientia
1005 3719 1052 3752 sua
1075 3703 1104 3770 (t
1132 3701 1160 3751 13
1181 3710 1208 3752 et
1229 3715 1245 3752 a

159 3773 205 3842 23)
224 3771 311 3824 tradit
328 3772 408 3824 deum
426 3783 539 3825 mortem
559 3789 615 3824 non
633 3771 796 3834 condidisse,
817 3774 898 3824 immo
915 3772 944 3823 in
965 3779 1035 3824 statu
1055 3771 1181 3822 interitus
1199 3787 1247 3822 ex-

158 3853 237 3911 perte
257 3845 360 3894 creavit
375 3843 511 3896 hominem
524 3842 559 3894 ad
572 3844 713 3910 imaginem
731 3843 898 3894 aeternitatis
918 3859 1099 3894 suaevorum
1118 3841 1247 3909 deinceps

159 3913 263 3964 invidia
290 3911 393 3965 diaboli
423 3931 493 3966 mors
514 3914 543 3965 in
561 3915 690 3964 mundum
708 3913 789 3966 venit
807 3929 891 3982 quare
912 3917 934 3964 si
952 3913 1019 3964 deus
1037 3915 1066 3964 in
1086 3921 1158 3964 statu
1176 3914 1247 3961 iute-

160 3984 227 4034 ritos
256 3995 366 4053 experto
383 3984 417 4036 ad
443 3985 584 4052 imaginem
607 3984 774 4036 aeternitatis
792 4001 855 4034 suae
875 3983 1001 4034 condidit
1019 3983 1173 4042 hominem,
1192 3997 1246 4049 quo

158 4065 237 4120 parto
252 4053 308 4106 diei
323 4055 428 4106 anobis
443 4057 668 4126 potestAdamum
689 4055 811 4106 interitui
824 4055 1036 4122 mortalitatique
1054 4055 1110 4102 uile
1125 4059 1246 4118 exparte

159 4123 309 4176 obnoxium
328 4125 429 4178 fuisse?
448 4128 606 4196 praesertim
622 4143 683 4177 cum
704 4135 831 4186 mortem,
850 4141 899 4175 ceu
918 4123 1020 4176 dictum
1041 4131 1099 4182 est,
1114 4121 1148 4172 ab
1164 4121 1247 4172 initio

158 4194 270 4245 minime.
289 4195 356 4248 ‹leus
374 4195 535 4249 condiderit.
553 4213 614 4248 nam
633 4197 655 4247 si
674 4193 898 4248 dieamustdarni
920 4210 1015 4261 eorpus
1035 4192 1102 4242 iliud
1122 4191 1247 4242 interitui

162 4265 278 4333 quodam
303 4267 384 4318 modo
408 4267 561 4322 subiectum
586 4266 688 4330 fuisse,
719 4265 791 4318 niisii
810 4264 884 4316 aliud
901 4261 1109 4333 significabimus
1129 4260 1183 4314 nisi
1199 4278 1248 4312 au-
