3000 4859
471 336 684 401 auuamun
713 340 816 402 rans
847 344 874 403 ι.
1121 312 1199 425 175

118 495 184 557 ἑστι
206 492 262 555 καί
279 482 449 574 φθαρείη
479 484 579 569 δγάρ
602 479 814 572 ἀμφιβάλλου
840 488 890 553 ἐπ’
910 488 1017 577 ἐκείνῳ
1038 492 1104 564 πῶς
1119 490 1201 555 eeu-

117 614 206 666 νατος
226 584 363 671 ε’γεγδνει
383 580 505 669 θνητός,
526 588 559 661 δξ
581 584 717 668 ἀνάγκης
741 582 782 651 δν
802 583 970 670 α’πορῆσειε
988 592 1043 654 κατ’
1062 592 1115 655 δαί
1131 586 1201 655 rori·

117 716 170 779 πρ.
214 688 331 752 editoris
353 676 436 769 ἄφες
455 681 490 749 εδ
512 688 588 758 πῶς.
634 680 747 760 δθεός
767 680 865 766 ὅπου,
895 688 993 751 ἐκεῖσε
1011 685 1122 771 χώραν
1143 690 1200 751 oda

115 786 239 873 ἔχειτὰ
260 790 337 862 πῶς.
384 781 503 847 ἔπλασε
529 786 588 865 μὲν
610 781 672 866 γὰρ
702 785 750 847 ἐπ’
771 786 939 875 α’φθαρσίρ
960 784 1016 850 riv
1035 778 1202 870 ἄνθρωπον

89 888 134 959 56
157 883 251 967 θεός,
280 878 422 967 ἄρχοντα
451 886 515 946 τῶν
539 882 685 966 δπιγείαν
710 880 836 949 πάντων
870 888 1055 969 κατέστησε,
1077 888 1203 969 διηνεκῆ

114 989 235 1051 δέδωκε
256 980 315 1066 τῆν
332 982 511 1047 ἀθανασίαν
532 984 634 1069 adripi,
659 980 802 1066 καθάπερ
826 976 891 1047 οἴνα
913 982 1105 1068 διειληπται·
1148 982 1279 1059 soiitos

113 1080 184 1167 εἶχε
204 1088 264 1163 μὲν
289 1083 336 1156 εἰς
357 1076 580 1155 αιάῑναῇοδται
606 1089 674 1145 κατ’
694 1079 810 1157 ου’τὸν,
834 1076 885 1146 ὅτι
907 1083 963 1147 καί
982 1083 1203 1166 ἀμεταμέλητα

112 1184 156 1249 τοὶ
177 1188 252 1247 θεῖα
264 1184 459 1263 χαρίσματα.
501 1174 573 1244 ἀλλ’
592 1180 700 1265 ἐπειδὴ
721 1180 802 1264 πρὸς
823 1177 980 1266 ἁμαρτίαν
1000 1180 1098 1247 αὐτὸν
1118 1178 1203 1265 ἑώρα

114 1278 404 1347 κατολισθαίνοντα
434 1280 605 1345 κάντεῦθεν
634 1282 825 1344 ἐκπίπτοντα
853 1282 908 1363 τῆς
932 1278 1057 1365 δφηλῆς
1087 1284 1205 1365 ἐκείνης

72 1380 176 1454 marai
193 1380 360 1462 t‘ooyye‘lev
386 1380 559 1461 διαγωγῆς,
588 1388 782 1463 παραχωρεῖ
795 1376 848 1443 διὰ
868 1381 960 1445 τοῦτο
978 1383 1033 1443 καί
1052 1378 1206 1462 λαμβάνει

115 1483 185 1545 κατ’
207 1472 306 1544 edroi
324 1474 435 1559 χώραν
450 1474 468 1538 δ
486 1476 633 1557 θάνατος,
654 1472 702 1541 δτι
717 1478 800 1561 μηδὲ
822 1480 993 1563 συνέφερεν
1012 1475 1116 1543 ἔκτοτε
1136 1480 1206 1562 διη-

115 1582 193 1663 νεκῆ
223 1584 388 1660 προσεῖναι
415 1574 473 1659 τῆν
493 1575 674 1641 α’θανασίαν
699 1576 797 1662 αδτρῑ.
838 1578 892 1641 καί
907 1573 966 1661 γὰρ
988 1578 1019 1641 εἰ
1036 1574 1081 1659 μῆ
1099 1581 1205 1660 γέγονδ

115 1702 152 1741 τι
170 1679 321 1755 τοιοῦτον,
341 1675 372 1738 εἰ
390 1674 433 1757 μῆ
454 1673 655 1758 συγχώρησις
675 1676 796 1739 ἐκεῖθεν
818 1676 943 1739 ἐδίδοτο
963 1680 1205 1761 φιλανθρωπίας

117 1780 234 1856 ἕνεκεν,
253 1777 304 1839 ἵνα
324 1772 369 1855 μῆ
392 1772 551 1839 α’θοίνατον
570 1766 590 1860 ᾖ
611 1772 649 1839 sd
669 1770 776 1855 κακόν,
797 1774 854 1837 οὐκ
876 1769 916 1838 ἂν
936 1776 1043 1864 ἐκείνῳ
1055 1780 1100 1864 τῷ
1119 1772 1205 1857 noai-

73 1890 162 1963 15rqo
181 1869 297 1954 Ἀδάμ,
317 1874 361 1959 τῷ
380 1874 430 1937 ἐπ’
444 1872 614 1961 α’φθαρσίρ
632 1877 793 1939 κτισθέντι
812 1876 880 1937 κατ’
900 1868 1004 1939 εἰκόνα
1027 1876 1083 1955 τῆς
1104 1870 1235 1939 aridei-B

116 1995 213 2057 τῆτσς
232 1977 290 2038 τοῦ
308 1975 400 2053 θεοῦ,
422 1969 611 2055 προσῆγγισε
632 1967 786 2047 θάνατος·
829 1973 886 2035 eain
906 1966 944 2034 δν
963 1970 1105 2043 διιὲπεσε,
1123 1977 1208 2057 φθο-
1272 1996 1274 2001 ·

117 2078 162 2161 ρρῖ
181 2070 217 2137 τό
240 2075 334 2153 σῶμα
355 2073 453 2136 ε’κεῖνσ
473 2067 508 2135 sd
526 2075 652 2157 φθορᾶς
673 2070 730 2135 καί
747 2072 888 2137 θανάτου
911 2064 1041 2150 ἄμεινον
1063 2068 1209 2153 ὑπάρχον

117 2170 157 2237 τὸ
174 2170 337 2253 πρότερον.
381 2173 412 2233 εἰ
430 2171 466 2233 δὲ
484 2174 586 2235 ταῦτα
607 2164 709 2246 οὕτως
730 2167 816 2253 ἔχει,
838 2173 903 2245 πῶς
926 2166 1087 2233 α’θάνατον
1111 2166 1209 2231 ariade

118 2270 205 2343 διιοῦ
225 2269 281 2335 καί
300 2266 418 2353 θνητὸν
436 2265 499 2333 ὑπὸ
524 2271 604 2333 θεοῦ
622 2274 832 2355 παραχθῆναι
852 2267 1007 2349 εἴπαμενγ
1033 2270 1063 2331 εί
1082 2265 1143 2350 γὰρ
1156 2266 1212 2333 καί

73 2370 247 2458 mesariam
274 2368 411 2434 ὑπέπεσε
430 2368 475 2451 μῆ
508 2367 652 2454 φυλάξας
681 2368 741 2453 τῆν
771 2373 920 2433 δοθεῖσαν
952 2366 1040 2456 αὐτῷ
1064 2367 1211 2450 ε’ντολῆν,

122 2463 191 2533 ἄλλ’
213 2466 347 2534 ὕστατον
365 2470 421 2551 τῆς
443 2470 630 2550 οἰκονομιλις,
654 2468 699 2544 οδς
715 2462 777 2553 ἤδη
797 2470 1003 2553 προείρηται,
1023 2468 1116 2531 τοῦτο
1136 2460 1212 2529 πάν-

194 2663 219 2714 5.
238 2660 354 2729 διηνεκῆ
371 2659 402 2715 di
422 2662 526 2715 δέδωκε
539 2661 567 2713 P.
638 2678 680 2715 ar.
698 2662 819 2730 δστδτρς
837 2662 868 2716 F.

123 2834 183 2879 m,
210 2834 272 2867 cum
298 2814 412 2867 mortale
435 2816 472 2868 sit
491 2824 519 2868 et
543 2817 729 2887 corruptibile.
749 2834 811 2869 nam
831 2814 930 2886 quide
954 2830 986 2865 eo
1006 2810 1129 2873 dubitat,
1157 2822 1212 2877 qno

122 2896 204 2958 pacto
217 2888 265 2956 qui
285 2886 443 2937 immortalis
462 2896 521 2938 erat
533 2888 654 2938 mortalis
667 2888 753 2940 iactus
772 2890 822 2950 ait,
840 2886 991 2938 necessario
1011 2883 1044 2933 de
1062 2881 1114 2932 hoe
1133 2881 1214 2930 etiam

124 2959 305 3020 dubitaverit,
323 2974 375 3008 nec
393 2958 624 3009 resuscitationem
642 2959 727 3028 ipsius
740 2976 774 3009 ex
790 2958 902 3009 mortuis
921 2956 1001 3007 facile
1018 2950 1215 3003 admittendam

124 3029 329 3081 existimaverit.
347 3028 521 3097 quamobrem
542 3028 612 3079 illud
629 3036 715 3093 tuum,
732 3046 788 3098 quo
833 3037 911 3089 aeto,
929 3028 1038 3077 missum
1058 3023 1146 3074 facito.
1166 3019 1214 3071 ubi

124 3100 206 3163 dens,
224 3098 262 3151 ibi
284 3115 339 3167 quo
359 3106 437 3167 pacto
459 3098 548 3151 locum
568 3115 624 3151 non
643 3099 735 3151 babet.
752 3046 876 3151 condidit
894 3098 968 3147 enirn
988 3094 1053 3145 deus
1073 3093 1215 3145 hominem

124 3170 159 3221 ad
177 3178 277 3222 statum
298 3170 426 3219 interitus
444 3173 598 3238 expertem„
617 3172 737 3221 omnium
760 3169 924 3221 terrestrium
942 3165 1092 3236 principem
1112 3163 1215 3215 consti-

124 3242 195 3302 tuit,
212 3248 374 3311 perpetuam
393 3240 419 3290 ei
437 3240 546 3308 largitus
566 3248 608 3292 eat
625 3240 870 3300 immortalitatem,
891 3238 930 3288 uti
951 3252 1031 3305 aupra
1049 3233 1214 3286 declaratum

125 3322 182 3374 est,
198 3310 286 3379 ipsum
306 3309 425 3379 denique
443 3310 518 3380 quod
538 3311 654 3375 attinet,
674 3310 816 3363 habiturus
836 3308 905 3359 hunc
924 3316 981 3358 erat
998 3306 1078 3357 bomo
1097 3302 1214 3356 saeculia

124 3383 251 3443 aeternis,
273 3397 333 3431 cum
344 3397 456 3431 munera
467 3380 512 3433 dei
532 3382 587 3432 sint
606 3380 803 3433 irrevocabilia:
822 3380 870 3431 sed
889 3378 953 3448 quia
971 3374 1080 3427 videbat
1097 3390 1158 3425 eum
1179 3372 1214 3423 ad

125 3461 265 3521 peceatum
284 3450 376 3503 delabi
406 3468 437 3502 ac
454 3460 598 3521 propterea
615 3451 726 3504 sublimi
742 3453 792 3503 illo
812 3452 884 3503 vitae
904 3464 1017 3518 genere,
1037 3444 1111 3515 quod
1132 3460 1215 3512 ange-

125 3524 212 3574 lorum
230 3524 303 3573 vitae
324 3530 466 3590 parerat,
487 3522 625 3586 excidere,
645 3525 704 3592 ipso
725 3521 892 3574 concedente
918 3536 989 3571 nsors
1008 3516 1133 3567 adversus
1151 3530 1215 3565 eum

125 3595 296 3645 occasionem
329 3593 432 3661 arripit.
458 3594 561 3663 quippe
587 3609 622 3643 ne
646 3593 812 3662 expediebat
841 3590 951 3661 quidem
972 3589 1109 3639 bominem
1129 3600 1214 3637 exeo

126 3676 180 3717 tem
201 3680 249 3714 ore
279 3663 458 3714 immortalem
486 3680 552 3715 esse.
578 3680 639 3714 nam
665 3663 719 3714 nisi
747 3665 802 3715 talo
828 3659 957 3732 quiddam
980 3658 1136 3719 accidisset,
1160 3654 1217 3707 nist

124 3682 292 3787 condonatio
311 3733 438 3803 deinceps
456 3732 526 3785 iacta
554 3733 651 3785 fuisset
667 3751 700 3785 en
718 3733 924 3793 benevolentia,
947 3747 982 3782 ne
1000 3728 1100 3781 malum
1119 3742 1216 3795 perpe·

126 3805 310 3867 enunieret,
337 3820 510 3873 nequaquam
536 3804 706 3873 permisisset
725 3806 791 3857 deus
813 3812 844 3857 ut
859 3820 930 3854 mors
949 3800 983 3853 ad
1003 3800 1141 3851 hominem
1160 3798 1217 3865 pri-

126 3894 199 3929 mum
217 3876 248 3927 in
265 3883 337 3927 statu
354 3884 465 3945 experte
475 3876 601 3927 interitus
620 3876 759 3927 conditum
777 3874 812 3927 ad
829 3875 972 3941 imaginem
981 3867 1150 3924 aeternitatis
1172 3866 1218 3917 dei

126 3946 286 4011 accederet5
305 3961 355 3996 nec
373 3962 469 4015 corpus
488 3944 558 3996 illud
588 3962 668 4015 supra
685 3955 799 3999 mortem
819 3954 847 3997 et
863 3944 1004 4003 interitum
1021 3956 1128 3991 omnem
1143 3938 1217 4007 prius

126 4018 246 4087 positum
278 4016 445 4084 corruptioni
473 4016 573 4069 iactum
596 4016 694 4069 suimet
724 4017 881 4071 obnoxium.
909 4028 978 4084 quae
1008 4028 1068 4061 cum
1089 4010 1127 4060 ita
1146 4007 1216 4067 sint,

126 4105 183 4159 qno
201 4084 313 4138 tandem
350 4095 410 4139 acto
429 4086 549 4139 dicemus
563 4103 624 4138 eum
634 4089 778 4141 mortalem
794 4088 896 4158 pariter
914 4093 941 4136 et
959 4078 1138 4135 immortalem
1158 4092 1217 4127 esse

125 4157 269 4210 conditum
287 4174 303 4208 a
340 4158 393 4207 eo?
412 4174 565 4228 quanquam
585 4159 655 4209 enim
674 4176 730 4210 non
747 4166 851 4211 servato
869 4153 996 4206 mandato
1013 4152 1067 4203 sibi
1085 4146 1217 4218 praescri-

123 4238 177 4300 pto
194 4228 225 4281 in
242 4236 357 4280 mortem
372 4226 484 4293 incidit,
504 4238 595 4281 tamen
620 4228 672 4280 hoe
689 4230 777 4299 ipsum
798 4227 890 4281 referri
910 4224 1010 4277 debere
1029 4218 1065 4271 ad
1084 4216 1218 4289 posterio-
