3000 4859
500 316 713 385 suumum
742 322 846 387 rsus
875 328 901 386 1.
1165 328 1242 415 ¹97

154 469 286 557 φηνόσαι
319 472 424 536 θέλων
451 472 487 537 ἔτι
514 475 639 537 πολλῶν
664 472 700 537 τό
727 475 900 557 λεγόμενον.
960 479 1114 562 ,δευτέρα
1146 485 1244 559 κτίσις

152 571 223 635 ε’στό
241 574 302 635 τού
314 594 351 636 τε
370 563 501 654 ἄρρενος
522 574 579 634 ιιαι“
596 574 653 635 τού
667 570 780 657 θηλεος
802 572 1179 657 προσκατασκευασθεῖσα
1200 585 1244 668 τῷ

152 668 326 750 πλάσματι,
346 673 391 757 τῷ
411 668 492 733 κατά
513 669 569 754 την
589 665 714 755 πριότην
735 671 878 755 δηλονότι
900 678 1091 765 γεγενημένῳ
1108 681 1178 743 κατ’
1198 684 1244 743 ei-

151 766 225 833 ιιόνα
244 770 345 849 θεοῦ,
368 770 403 833 ἐν
421 760 447 858 ᾧ
468 767 608 854 διαφορά
630 767 799 853 σχημάτων
820 773 878 836 ούκ
899 768 956 858 η’ν,
977 768 1025 840 ότι
1044 778 1126 860 μηδὲ
1148 778 1183 841 ἐν
1205 781 1244 865 τῇ

120 871 226 953 ὅθεάγ
244 871 303 939 xci
319 868 463 956 μακαρίᾳ
484 869 579 933 εἰκόνι
598 869 739 934 τοιοῦτόν
760 894 791 934 τι
812 874 1036 959 ἐπινενόηται.”
1060 878 1091 941 εἰ
1108 878 1144 940 di
1164 882 1244 941 rori-
1281 864 1283 869 ⁵

147 988 190 1029 τα
210 960 312 1042 ούτως
330 966 418 1049 ἔχει,
438 970 539 1050 λέγειν
560 961 617 1032 σύν
637 960 765 1051 εύλογον
785 967 832 1035 ότι
853 974 888 1036 ἐκ
907 971 1110 1056 προγνώσεως
1130 974 1145 1039 ό
1166 974 1243 1051 θεός

149 1062 301 1148 τοιαύτην
322 1067 376 1129 α’π’
398 1065 500 1151 ἀρχῆς
522 1065 720 1151 κατασκεοην
739 1072 858 1133 δέδοικε
879 1075 922 1158 τῷ
941 1070 1063 1155 Ἀδάμ,
1085 1071 1117 1138 ἐἴ
1134 1097 1170 1156 γε
1187 1078 1243 1159 τῆς
1296 1069 1301 1081 ’

148 1165 302 1243 δευτέρας
320 1166 389 1229 ἐστι’
408 1164 569 1248 κτίσεωςῆ
592 1165 720 1252 τοιαύτη
741 1170 803 1232 ταῖν
825 1175 995 1253 σχημάτων
1014 1172 1170 1257 όίαιρορά,
1203 1172 1242 1257 ἢν

147 1262 189 1344 «λη’
211 1262 270 1327 xci
297 1264 475 1347 άναγιιαόως
504 1265 639 1349 ἐπήγαγε
662 1266 743 1347 μετά
776 1265 836 1350 την
865 1267 1008 1353 πρώτην,
1034 1270 1078 1346 ιύς
1097 1270 1240 1356 εἴρηται,

97 1364 296 1445 ιοποάησιν·
346 1364 423 1429 midi
441 1362 505 1449 γάρ
534 1363 639 1449 ἠγνόει
660 1364 695 1430 τό
719 1369 971 1451 συμβησόμενον.
1012 1374 1067 1434 καί
1084 1371 1271 1453 πρόσχες,ι)

144 1460 180 1526 εἰ
203 1460 331 1543 βούλει,
356 1464 401 1548 τῷ
419 1468 620 1553 Δαμασκηνρῖ
646 1466 774 1553 Ἰωάννη
795 1468 870 1549 περιΙ
888 1469 945 1531 τοῦ
965 1468 1097 1553 πράισν,
1111 1469 1238 1551 α’νθροό·

144 1582 209 1623 που
223 1562 349 1659 'idom
374 1562 490 1641 „sidric
511 1565 547 1627 di
575 1562 594 1627 o‘
616 1561 815 1647 προγνοόστης
835 1564 912 1641 θεὸς
933 1560 981 1631 ότι
1003 1568 1037 1631 ἐν
1058 1567 1239 1651 παραβάσει

143 1658 306 1744 γενήσεται
326 1664 383 1725 καί
402 1656 451 1725 ότι
467 1667 578 1749 φθορᾷ
602 1661 821 1744 ύτιοπεσεῖται,
848 1663 902 1729 sisoi
923 1668 1016 1730 τούτο
1040 1665 1174 1750 παράγει
1196 1666 1233 1731 τό

144 1759 231 1839 θῆλυ
251 1761 286 1838 ἐξ
308 1761 437 1825 αύτού.”
478 1757 560 1826 ύστε
581 1764 611 1825 εἰ
629 1759 675 1845 μη
694 1764 751 1845 τῆς
771 1765 935 1847 α’γγελικῆς
952 1768 1096 1843 ἐξέπιπτε
1116 1768 1235 1848 βιοτῆς,

91 1854 204 1919 timis
226 1851 308 1942 άνῆ
335 1862 400 1922 τοῖν
430 1858 602 1943 σχημάτων
625 1858 703 1944 αύτη
731 1866 1043 1943 προσκατεσκεύαστσ
1072 1863 1234 1950 διαφορά,

33 1992 43 2008 ·
144 1948 193 2019 ὅτι
213 1958 296 2040 μηδὲ
312 1959 428 2041 χρειάν
448 1954 515 2041 εἶχε
536 1958 654 2043 ταύτης
675 1955 692 2023 ό
713 1962 778 2023 κατ’
806 1959 914 2023 εἰκόνα
936 1966 1137 2045 γεγενημένος
1158 1966 1236 2027 θεοῦ

143 2053 222 2138 πρός
239 2077 276 2138 γε
293 2056 353 2138 τὴν
372 2054 408 2121 is
422 2059 575 2141 διαδοχῆς
594 2061 653 2123 τού
671 2060 780 2142 γένους
799 2053 960 2139 σύστασιν,
983 2054 1039 2123 sire
1060 2060 1139 2125 κατά
1159 2062 1235 2136 τούς

142 2147 311 2236 α’γγύλσος,
336 2155 382 2231 σός
410 2148 478 2220 άνω
507 2159 701 2242 disciputus,
729 2160 854 2238 μέλλων
881 2158 1110 2243 πληθύνεσθαι.
1165 2159 1226 2225 α’λλ

141 2256 375 2338 ἐπαναληπτέον
393 2250 454 2320 κάν
473 2248 572 2332 αύθις
591 2253 646 2319 τόν
667 2252 767 2338 λόγον.
979 2324 983 2329 ,

86 2369 134 2415 το
166 2338 176 2361 ’
226 2355 308 2419 Θεία
326 2351 408 2434 μετά
430 2350 486 2438 την
504 2353 687 2436 παράβασιν
708 2353 787 2437 πρός
798 2353 853 2421 τόν
874 2346 951 2440 όφιν
972 2354 1134 2440 α’πόφασις
1154 2352 1229 2435 „iai
1236 2364 1261 2419 P.
1276 2370 1322 2435 ¹⁰4

138 2452 182 2539 τῷ
202 2450 310 2536 στήθει
332 2455 388 2517 sai
408 2456 446 2539 τῇ
463 2455 565 2541 ιιοιλάγ
585 2449 760 2540 ποριύσῃ.”
787 2452 895 2539 ἐπειδὴ
912 2456 1045 2539 καρδίαν
1067 2450 1229 2537 ἤπότησας

139 2553 196 2614 rusi
217 2555 339 2615 κοιλίαν
363 2547 493 2628 ἔπεισας
518 2547 670 2629 άψασθαι
687 2551 884 2636 βρωμάτων,
905 2554 960 2619 ini
979 2554 1023 2641 τῷ
1043 2552 1154 2635 στήθει
1174 2552 1230 2617 ιιαί

138 2649 181 2735 τῇ
199 2649 302 2737 ιιοιλιήι
323 2648 473 2737 πορεύση.
517 2648 592 2713 odii
611 2648 670 2735 γάρ
695 2648 739 2726 ὥς
760 2647 860 2727 πόδας
881 2653 1070 2737 ιιελιτημάνον
1091 2647 1126 2715 τό
1148 2648 1227 2735 πρό-

136 2934 240 2987 voiens.
261 2932 381 2984 secunda
393 2932 494 2984 crestio
512 2938 555 2984 est
570 2932 651 2984 maris
669 2948 700 2984 ac
718 2933 836 2984 feminae
855 2932 989 2995 sarmatia,
1008 2948 1077 3003 quae
1097 2932 1224 3001 figmento

136 3004 183 3057 dei
203 3006 324 3066 accessit,
346 3003 542 3073 quadratiano
559 3004 705 3055 creationis
721 3004 824 3073 primae
842 3002 876 3053 sd
894 3005 1037 3071 imaginem
1059 3003 1103 3053 dei
1123 3002 1224 3055 sactrsm

135 3084 203 3139 erat,
220 3092 273 3127 nec
291 3090 403 3126 sexuum
424 3072 568 3125 discrimen
585 3070 715 3135 hahebat,
735 3071 844 3143 qrraado
862 3088 913 3125 nec
932 3073 960 3124 in
980 3072 1071 3123 diviua
1092 3072 1140 3139 iila
1158 3072 1224 3122 bes-

134 3154 220 3215 tsque
248 3145 367 3213 imagine
393 3144 460 3213 quid
479 3143 612 3195 eiusmodi
643 3143 745 3197 existit.
765 3160 836 3213 quae
857 3160 916 3193 curn
936 3144 973 3193 ita
992 3144 1065 3204 siut,
1083 3160 1098 3192 a
1117 3144 1223 3195 ratione

133 3232 191 3268 non
208 3216 353 3278 abhorret,
383 3214 473 3265 dicere
493 3214 574 3267 deum
603 3232 636 3265 ex
651 3214 830 3284 praescientia
851 3214 933 3264 talem
951 3213 985 3263 ab
1004 3213 1084 3264 initio
1104 3222 1223 3263 structu·

133 3304 191 3340 ram
207 3286 312 3339 Adamo
336 3286 517 3348 concessisse,
544 3302 605 3336 curn
630 3284 683 3335 hoc
708 3298 787 3336 sexus
814 3284 956 3335 discrimen
974 3299 990 3333 a
1010 3282 1127 3333 secunda
1148 3300 1223 3333 crea-

131 3360 210 3409 tione
229 3358 382 3426 proiectum
402 3356 499 3419 suerit,
518 3372 599 3424 quam
619 3356 773 3407 necessario
794 3355 894 3423 priori,
912 3370 961 3405 ceu
981 3345 1083 3405 dictum
1103 3362 1152 3415 est,
1172 3352 1222 3403 ad-

131 3429 205 3479 iecit.
225 3444 278 3479 nec
307 3426 380 3477 enirn
419 3426 466 3477 uid
492 3426 612 3477 futurum
632 3434 704 3477 esset
731 3424 882 3492 ignorabat.
896 3434 924 3475 ct
941 3425 1074 3487 animum,
1091 3424 1113 3475 si
1135 3424 1220 3485 tibet,
1253 3448 1254 3451 ¹

129 3497 244 3549 adverte
261 3443 568 3549 lohannuiumssceni
595 3496 629 3547 de
649 3496 760 3547 homine
788 3496 874 3565 primo
892 3494 990 3545 verbis.
1009 3496 1073 3563 quia
1091 3493 1158 3545 dens
1177 3496 1220 3545 sa-

129 3577 253 3619 turornm
273 3568 410 3636 praescius
427 3576 506 3621 norat
528 3567 665 3618 hominem
684 3565 812 3617 mandato
833 3584 888 3618 non
905 3568 1054 3635 pariturum
1074 3582 1105 3615 ac
1123 3564 1220 3615 interi-

128 3639 312 3691 ruiturarum
336 3638 503 3698 obnoxium,
531 3638 629 3688 iccirco
652 3638 781 3687 seminam
800 3653 832 3687 ex
850 3653 882 3687 eo
902 3635 1036 3705 producit.
1053 3636 1177 3703 adeoque
1196 3634 1219 3685 si

127 3709 212 3761 homo
233 3710 288 3760 rita
306 3710 428 3777 angelica
444 3727 501 3761 ιιοιι
518 3707 681 3770 excidisset,
697 3724 810 3758 sessusm
830 3706 974 3758 discrimen
993 3708 1098 3757 nullum
1118 3706 1218 3757 factum

127 3779 245 3841 inisset,
262 3780 366 3848 quippe
385 3780 462 3830 cuius
482 3778 555 3829 iraud
574 3780 692 3846 eguisset
711 3776 745 3826 ad
764 3778 869 3845 generis
888 3778 1108 3846 propagationem
1128 3776 1150 3825 is
1169 3774 1217 3843 qui

127 3849 164 3901 sd
180 3850 324 3918 imaginem
343 3849 388 3900 dei
410 3850 495 3902 tactus
513 3857 578 3900 erat.
597 3864 659 3900 narn
676 3864 751 3899 more
769 3848 940 3915 angelorum,
963 3856 993 3898 ut
1011 3848 1158 3899 indicatum
1176 3853 1219 3897 est

126 3936 226 3987 supra,
252 3928 338 3971 semet
364 3921 576 3989 amplificaturus
603 3921 699 3970 fuerat.
725 3916 867 3970 sedenim
891 3916 926 3970 asl
944 3918 1095 3969 institutam
1116 3917 1218 3969 oratio·

125 4004 190 4042 nern
211 3989 382 4041 redeundum
401 3999 450 4042 cst

198 4061 273 4112 Haec
293 4070 334 4113 est
352 4062 399 4111 iiia
416 4061 461 4113 uei
475 4060 510 4112 ad
524 4068 676 4129 serpentem
693 4067 756 4128 post
776 4059 892 4109 hominis
911 4057 1014 4125 tapsum
1034 4058 1121 4107 oratio
1135 4056 1215 4123 (Gen.

127 4132 144 4181 3
171 4130 211 4201 τά)
227 4132 277 4195 ,,ἰα
297 4142 390 4196 pectus
408 4148 439 4182 ac
456 4139 578 4181 ventrem
598 4131 775 4181 arubulabis.''
802 4130 852 4180 hoc
871 4136 912 4180 est
929 4126 1151 4196 quandoquidem
1166 4141 1215 4174 cor

126 4198 279 4273 decepisti,
310 4210 339 4255 et
365 4202 453 4256 ventri
477 4201 638 4272 persuasisti
665 4210 696 4254 ut
711 4200 801 4251 cibum
821 4199 899 4251 ilium
920 4198 1096 4267 decerperet,
1115 4195 1212 4247 iccirco
