3000 4859
262 340 288 401 x
580 340 721 401 lellBEl
754 338 993 399 vallerano.

258 488 365 551 asanaa
399 489 456 549 καὶ
483 484 646 570 ἀγαπητοῦ
667 488 818 551 vocabula
836 498 957 571 patrem
980 490 1083 572 potius
1114 509 1207 573 quarn
1236 491 1341 551 senio.

259 608 326 648 rem
344 610 379 649 ac
410 588 605 669 magistrum,
640 587 782 671 discipuli
803 597 857 649 aut
877 588 967 650 amici
996 589 1113 651 iuvenis
1136 590 1236 671 gratia
1263 611 1340 671 opus

259 686 333 747 illud
352 686 596 761 elucubrantem,
618 684 787 769 designant.
809 696 935 769 praeter
953 686 1082 749 Annales
1101 688 1253 771 scripsisse
1277 688 1340 749 dis.

253 788 432 849 sertationes
463 786 648 868 theologicas
681 807 716 848 ex
754 788 921 869 specimine
949 787 1083 849 Pontani
1111 788 1210 849 nostri
1244 808 1340 870 opera

255 884 337 947 edito
368 884 475 959 didici;
504 887 644 969 epistolas
672 906 798 970 quoquc
822 886 861 946 V.
882 886 919 947 C.
945 889 1008 948 Leo
1029 886 1155 947 Allatius
1179 886 1337 969 adiungit,

256 1006 330 1069 quas
351 984 489 1047 nondum
508 984 582 1047 vidi.
606 995 729 1049 caetera
750 985 790 1049 dc
811 1006 848 1047 eo
872 985 947 1047 mihi
969 987 1074 1069 ignota
1093 988 1258 1068 profiteor.
1277 986 1339 1048 hoc

254 1093 339 1148 certe
360 1086 571 1168 exploratum,
592 1084 698 1149 studiis
723 1108 740 1147 a
762 1106 864 1169 puero
887 1082 1026 1147 deditam
1044 1086 1149 1164 fuisse,
1169 1082 1340 1170 patinam

253 1180 309 1245 καί
342 1186 529 1267 φιλομαθῆ,
555 1186 608 1271 qui
639 1192 688 1246 tot
719 1194 846 1270 tamque
873 1186 974 1247 varios
1000 1207 1102 1247 sacros
1127 1187 1340 1270 profanosque

253 1284 421 1367 scriptores
451 1286 624 1364 evolverit,
659 1308 694 1347 ex
724 1306 835 1347 eorum
863 1283 1010 1367 operibus
1039 1285 1170 1348 illustria
1199 1307 1340 1370 quaeque

166 1371 175 1388 ⁰
253 1385 456 1466 excerpserit,
478 1386 624 1469 miroque
644 1384 777 1449 artifieio
798 1386 831 1445 in
854 1385 944 1447 unius
965 1386 1115 1447 orationis
1127 1385 1238 1449 seriem
1256 1406 1336 1449 eon-

252 1482 368 1549 tulerit.

332 1582 380 1645 Ad
407 1585 561 1645 Graecum
582 1584 746 1648 Annalium
783 1593 901 1648 textum
922 1582 1009 1669 quod
1027 1593 1166 1666 spectat,
1197 1584 1283 1647 illum
1304 1605 1340 1649 ex

252 1683 372 1746 duobus
395 1684 628 1747 Claromontani
652 1686 750 1747 nostri
773 1684 894 1768 collegii
914 1683 1139 1766 exemplaribus
1163 1683 1340 1747 described.

253 1781 328 1845 dum
347 1784 474 1863 curavi,
505 1804 679 1869 eorumque
710 1785 832 1847 lacunas
865 1784 1067 1847 librariorum
1089 1782 1199 1847 fraude
1218 1793 1273 1847 eut
1291 1770 1362 1845 inss'

212 1932 214 1937 ,
257 1884 344 1945 curia
365 1885 540 1967 frequentes
560 1887 677 1967 partim
699 1882 1024 1949 exFontisehraldensi
1046 1876 1153 1945 codice
1174 1906 1193 1947 a
1215 1885 1341 1946 celsissi-

253 1983 457 2066 maPrineipe
477 1986 556 2047 sacri
580 1986 658 2047 illius
668 1984 872 2048 Parthenonis
893 1985 1028 2047 antistita
1040 1982 1185 2067 generali,
1206 1982 1342 2047 Iohanne

252 2082 422 2169 Baptistide
442 2084 612 2165 Borhonia‚
633 2085 710 2147 mihi
722 2084 937 2147 humanissime
960 2084 1207 2163 communicato,
1226 2084 1342 2167 partim

254 2208 289 2249 ex
318 2186 469 2249 submissis
500 2186 600 2249 Roma
636 2186 827 2250 Vallicellani
861 2209 898 2249 ac
926 2182 1092 2247 illonachio
1118 2183 1342 2247 Bavaricorum

248 2286 398 2357 ¹codicum
419 2286 556 2349 subsidiis
579 2310 598 2349 a
611 2288 680 2351 VV.
700 2287 762 2349 CC.
773 2288 860 2349 Luca
880 2284 1039 2349 Holstenio
1061 2292 1093 2347 et
1114 2284 1239 2347 Simone
1260 2284 1343 2345 Wa-

255 2384 420 2469 gnerechio
442 2386 475 2449 S.
510 2389 534 2449 l.
563 2387 600 2449 P.
620 2386 792 2471 supplevi,
815 2386 967 2449 variantes
1005 2384 1150 2447 lectiones
1176 2383 1344 2467 adscripsi,

253 2486 431 2550 Leunclavii
461 2488 753 2571 interpretationem
786 2488 818 2548 in
839 2487 995 2571 plerisque
1022 2482 1198 2563 emendavi,
1221 2484 1342 2569 aliaque

257 2588 382 2669 insuper
416 2584 534 2665 adieci,
559 2608 639 2671 quae
665 2608 702 2649 ex
731 2587 991 2649 Annotatiouibus
1023 2584 1214 2648 commodius
1246 2606 1342 2669 repe.

256 2692 374 2751 tentus.

340 2786 445 2849 Unum
468 2796 571 2849 tamen
593 2787 644 2848 hic
667 2787 813 2850 omittere
835 2808 967 2872 nequeo,
993 2784 1159 2848 iohannem
1174 2785 1342 2847 Meursium

255 2884 423 2950 delibatum
451 2908 485 2949 cx
507 2897 598 2969 parte
626 2890 664 2949 lll
686 2887 843 2949 annalium
862 2888 961 2949 nostri
983 2885 1098 2971 Glycae
1117 2876 1298 2965 τεμάχικος,
1322 2908 1341 2947 a

254 2987 332 3049 lulio
355 2987 483 3047 Caesare
513 2985 551 3047 ad
573 2988 807 3049 Constantinum
839 2990 1005 3071 Magnum,
1033 2989 1150 3047 Graece
1179 3006 1215 3045 ae
1233 2984 1344 3047 Latius

253 3085 396 3169 Lugduni
415 3086 606 3149 Batavorum
639 3088 767 3151 edidisse
801 3096 833 3151 et
853 3086 1023 3151 Theodoro
1052 3080 1239 3147 llletochitac
1264 3084 1341 3145 falso

255 3185 412 3265 tribuisse,
430 3184 539 3247 additis
563 3186 708 3249 brevibus
730 3188 812 3251 notis
834 3196 866 3251 et
886 3185 1054 3269 llicephori
1086 3185 1245 3265 Gregorae
1266 3206 1342 3245 nae.

241 3280 320 3359 'nia3
341 3298 421 3369 quae
441 3285 502 3349 suis
533 3286 608 3349 locis
627 3288 765 3350 inserere
798 3310 862 3349 non
882 3283 1038 3363 dubitavi,
1071 3291 1107 3345 ut
1128 3280 1205 3343 nihil
1223 3304 1345 3347 neeesse

253 3384 294 3449 sit
313 3385 428 3449 iterum
449 3387 557 3469 praelo
581 3388 913 3450 subiicereRomanam
942 3387 1034 3461 illam,
1055 3391 1092 3443 ut
1113 3381 1263 3465 appellat,
1284 3384 1344 3443 lli.

254 3486 393 3549 storiam.
433 3494 555 3549 tantum
572 3496 604 3551 te
625 3489 797 3567 morabor,
824 3487 946 3551 erudite
966 3486 1077 3553 lector.
1100 3482 1183 3563 vale,
1205 3492 1238 3549 et
1258 3480 1346 3569 quod

255 3587 342 3667 lacis,
365 3586 470 3651 studiis
491 3588 603 3651 nostris
624 3590 730 3653 lavere
748 3610 854 3671 perge.

649 3890 927 3907 m
