3000 4859
248 249 304 339 60
584 284 802 351 urcuauus
831 282 996 349 euucsu

248 446 268 529 ἡ
293 438 431 526 μὲνγὰρ
461 437 550 525 ῥῆξις
575 436 632 503 τὸν
656 435 812 524 κεραυνὸν
831 437 1039 520 α’πεγὲννησε,
1066 437 1124 499 τοῦ
1146 439 1261 523 νέφους
1280 434 1345 523 βῦρτ.

249 542 458 617 σπασθέντος·
501 538 681 621 τηνικαῦτα.
696 540 732 603 δὲ
747 538 891 602 θυλάκου
907 530 1012 620 ὥσπερ
1034 536 1259 621 διαρραγέντος
1282 530 1341 599 ῦε-

222 640 303 717 οτός
323 638 550 726 κατενήνεκται.
602 635 619 703 ῦ
653 640 688 703 δέ
710 660 744 721 γε
775 640 830 721 τῆς
861 630 981 721 ῥήξεως
1010 628 1090 720 ἦχος
1116 631 1175 719 τὴν
1202 631 1341 719 βροντὴν

250 742 466 825 ἀπεγέννησεν.
515 739 585 803 αλλ’
615 738 683 802 ἐκεῖ
704 741 764 819 μὲν
794 738 845 801 δεῖ
867 738 994 822 πρῶτον
1021 734 1156 820 ῥαγῆναι
1182 731 1219 797 τῦ
1241 733 1342 819 νέφος

250 840 305 905 κατ’
323 834 405 904 oiim
435 840 573 933 φανῆναι
598 836 656 921 τὴν
676 833 859 921 ἀστραπήν·
909 833 1003 919 ἡμεῖς
1021 836 1059 899 δὲ
1070 835 1128 899 τοῦ
1146 831 1249 918 πυρῦς
1267 830 1374 896 ἐπι-5

179 1000 182 1007 .
251 938 479 1021 λαμβανόμεθα
504 936 667 1021 πρότερον.
718 935 832 1002 τοῦτου
857 936 893 1000 ol
914 932 1013 1000 cissos
1038 933 1060 1019 ἢ
1082 934 1145 1000 νῦν
1161 930 1264 997 ιῦτίων
1283 930 1345 996 καὶ
1410 959 1414 965 ·

251 1042 315 1103 τῶν
336 1036 513 1121 ὀφθαλμοῖν
542 1035 772 1119 διοργοὶνωσις·
827 1033 858 1099 ολ
887 1036 948 1117 μὲν
973 1032 1035 1119 γὰρ
1061 1030 1229 1120 ὀφθαλμοὶ
1247 1026 1343 1116 ἧμοῖν

253 1138 379 1218 α’μέσως
411 1130 592 1217 ὁμιλοῦντες
624 1137 669 1222 τῷ
698 1136 769 1220 α’ἐρτ
790 1136 849 1198 τοῦ
868 1132 987 1219 ὁρατοῦ
1007 1134 1125 1198 θῦττον
1146 1127 1343 1212 ἀντιλαμβά-

252 1259 373 1316 νονται,
399 1229 416 1300 ὃ
444 1237 480 1299 δέ
509 1256 544 1317 γε
571 1242 636 1310 τοῖς
664 1236 768 1309 αἰτίοις
798 1234 1049 1319 προβεβλημένος
1072 1228 1255 1314 κοχλοειδὴς
1279 1223 1343 1293 πό-

251 1356 306 1419 ρος
335 1336 480 1419 βραδέως
515 1329 633 1417 εἰσάγει
660 1329 715 1397 τόν
750 1332 869 1418 ψόφον.
919 1331 1085 1415 κοχλοειδῆ
1104 1332 1140 1394 δὲ
1159 1326 1215 1393 τὸν
1233 1329 1342 1393 τοιοῦ-
1357 1347 1397 1391 ιο

250 1456 305 1499 τον
324 1430 531 1497 κατεσκεύασε
564 1428 703 1518 πόρονῦ
733 1427 925 1517 δημιουργὸς
947 1427 1038 1514 ἡμῶν
1052 1425 1148 1509 θεός,
1167 1430 1220 1493 ἵνα
1240 1425 1284 1513 μὴ
1305 1428 1344 1491 iss

167 1556 170 1564 ⁴
251 1535 313 1599 τῶν
333 1529 595 1616 παρατασσόντων
614 1525 691 1615 ἧμῖν
711 1523 858 1616 ἀθρόων,
880 1527 946 1595 εἴτε
958 1528 1071 1615 ψόφου
1083 1525 1145 1594 εἴτε
1162 1526 1257 1613 ῦέρος
1275 1540 1345 1607 ψυ-

251 1634 351 1716 χροῦ,
387 1626 597 1715 ῦέγκέφαλος
616 1627 707 1716 ἡμῶν
727 1631 768 1695 οῦ
787 1631 911 1714 μικροῖς
929 1626 1195 1713 καταβλάπτηται.
1236 1628 1291 1690 καὶ
1312 1625 1346 1691 εἰ

221 1734 312 1813 ῃμὲν
330 1728 392 1795 α’πῦ
418 1732 588 1814 ξηροτάτου
615 1733 732 1817 νέφους
760 1726 777 1794 ri
799 1726 950 1816 κεραυνὸς
970 1730 1106 1816 ἄκραγῇ,
1128 1728 1290 1814 φοινικοῦς
1308 1747 1347 1791 τε

251 1829 311 1916 τὴν
329 1828 444 1915 χροιὰν
466 1828 484 1894 ὅ
510 1828 650 1907 τοιοῦτός
671 1831 740 1895 εὀττ
767 1834 823 1895 κατ’
844 1826 902 1914 τήν
920 1828 1034 1896 οῦοίαν
1055 1823 1237 1913 φλογώδης,
1256 1825 1289 1889 εἰ
1307 1821 1397 1889 ῦὲιθ

253 1932 309 2016 ἀφ’
328 1928 499 2015 ῦγροτὲρου
520 1932 648 2017 νέφους,
668 1925 778 1995 λευκόν
797 1953 831 1996 τε
857 1928 924 2014 ἔχει
944 1927 981 1995 τῦ
1001 1930 1120 2012 χρῦμα
1142 1926 1199 1992 καὶ
1215 1923 1346 1991 καυστό-

255 2032 312 2114 δγς
330 2028 453 2113 ἥκιστα.

324 2124 414 2196 Οῦτω
430 2132 491 2211 μὲν
504 2122 595 2211 οῦτω,
606 2125 752 2215 καθάπερ
769 2122 893 2195 ῦνωθεν
907 2124 1042 2215 εἴρηται,
1054 2129 1110 2191 καί
1121 2122 1197 2200 τοῦς
1210 2124 1348 2209 οἷστέρας

254 2227 331 2305 τοῦς
349 2230 496 2306 ἀπλανεῖς
516 2252 550 2294 τε
569 2232 625 2295 κατ’
645 2230 869 2310 πλανωμένους
883 2229 929 2303 εἰς
943 2237 1059 2310 σημεῖα
1077 2224 1132 2291 καὶ
1150 2225 1197 2300 εἰς
1216 2221 1347 2308 καιροῦς

255 2327 416 2414 ῦποιητῆς
437 2328 563 2410 πάντων
583 2328 639 2393 κατ’
656 2327 765 2415 κύριος
785 2324 888 2394 ἔθετο.
906 2330 1036 2413 κυρίους
1056 2327 1093 2390 δὲ
1112 2326 1175 2389 τοῦτ
1194 2326 1248 2409 ἐφ’
1269 2322 1397 2408 ἡμῖναο

254 2430 369 2515 α’ρετῆς
389 2452 423 2495 τε
455 2433 510 2495 καὶ
528 2432 639 2521 κακίρς
669 2426 875 2514 παρεκτικοῦς
897 2422 955 2493 οῦκ
974 2420 1014 2491 ἄν
1034 2448 1108 2491 ποτε
1132 2421 1204 2512 εἴπῃ
1224 2446 1273 2499 τις
1293 2428 1347 2487 λο-

256 2532 373 2614 γισμοῦ
393 2525 499 2615 κύριος
519 2521 585 2610 nir,
616 2528 651 2594 εἴ
662 2552 698 2612 γε
725 2531 781 2593 κατ’
809 2530 933 2610 μᾶλλον
958 2521 1074 2614 ἤκουσε
1110 2527 1169 2590 τοῦ
1187 2526 1267 2591 θεοῦ
1289 2525 1348 2589 δια

331 2688 370 2741 ιθ.
387 2682 472 2760 uisu]
491 2680 563 2742 οῦνῗ

257 2850 370 2921 cogitur.
390 2852 507 2903 alterum
526 2866 590 2902 vero
607 2850 710 2902 tulmen
728 2851 847 2921 gignitur
867 2850 971 2906 collisis
982 2851 1055 2905 iuter
1072 2868 1101 2904 se
1120 2850 1241 2904 nubibus
1258 2866 1345 2920 eaque

258 2921 293 2973 do
319 2937 397 2972 causa
422 2922 567 2991 perruptis.
597 2938 660 2973 nam
684 2939 715 2974 ea
738 2922 879 2992 perruptio
906 2923 1011 2976 fulmen
1029 2924 1115 2975 eflicit
1132 2922 1206 2974 nube
1224 2938 1274 2993 per
1291 2922 1346 2972 vim

257 2992 402 3045 convulsa:
420 2991 501 3043 simul
519 3000 579 3043 utre
599 2992 676 3061 quasi
694 2992 812 3061 quodam
830 3000 924 3063 rupto,
942 2994 1035 3064 pluvia
1054 2992 1199 3045 delabitur.
1217 2992 1347 3061 strepitus

257 3063 316 3133 ipse
332 3064 519 3132 perruptionis
542 3063 645 3115 tonitru
663 3063 756 3116 elficit.
785 3072 814 3116 et
828 3064 930 3115 nubem
949 3064 1061 3135 quidem
1081 3065 1218 3134 perrumpi
1236 3078 1347 3115 necesse

258 3140 319 3197 est,
347 3140 377 3185 ut
401 3133 440 3185 ita
466 3133 558 3203 fulgur
582 3134 776 3203 conspiciatur:
804 3152 854 3186 nos
877 3150 941 3188 vero
965 3136 1040 3203 prius
1061 3134 1151 3204 ignem
1170 3134 1345 3205 percipimus.

259 3203 318 3256 eius
339 3204 379 3256 rei
397 3221 477 3256 causa
496 3211 538 3256 eat
568 3205 673 3257 aurium
702 3212 730 3258 et
749 3205 891 3257 oculorum
918 3213 1059 3258 structura.
1087 3222 1151 3256 uam
1167 3206 1241 3255 oculi
1261 3205 1346 3255 nostri

258 3275 326 3327 citra
345 3274 465 3327 medium
482 3276 570 3326 ullum'
599 3282 741 3329 sumsere
763 3277 852 3329 iuncti
870 3278 950 3328 citius
970 3293 1026 3329 rem
1040 3276 1146 3326 nisilem
1165 3274 1347 3343 prehendunt.

259 3351 288 3397 at
304 3354 408 3398 mestus
430 3346 479 3397 ille
491 3354 629 3397 tortuosus
648 3346 833 3417 cochleaeque
852 3347 1014 3408 consimilis,
1035 3361 1090 3415 quo
1109 3353 1203 3413 septae
1220 3355 1284 3398 arunt
1301 3363 1348 3395 nu-

216 3476 223 3486 ·
258 3432 317 3479 res,
344 3414 422 3468 tarde
449 3432 545 3467 sonum
564 3416 690 3468 admittit
710 3425 738 3470 ot
765 3418 857 3487 opifex
874 3425 967 3469 noster
985 3416 1051 3467 deus
1069 3413 1141 3465 hunc
1159 3416 1249 3486 ipsum
1264 3418 1347 3467 instar

259 3486 388 3540 cochleae
413 3493 567 3539 tortuosum
587 3487 724 3552 condidit,
748 3504 785 3539 ne
800 3504 849 3559 per
869 3488 1016 3538 illabentes
1034 3485 1125 3536 subito
1137 3488 1197 3539 sive
1218 3488 1347 3556 strepitus

260 3558 317 3611 sive
334 3556 461 3627 frigidum
480 3565 544 3610 aera
562 3557 701 3610 cerebrum
720 3565 842 3611 nostrum
861 3558 978 3625 graviter
994 3555 1156 3609 laederetur.
1177 3559 1231 3609 iam
1252 3559 1275 3610 si
1293 3557 1347 3607 ful-

258 3644 324 3683 men
342 3644 357 3680 e
374 3626 448 3680 nube
469 3628 615 3681 siccissima
632 3637 768 3697 erumpat,
796 3628 908 3697 punicei
925 3627 1025 3678 coloris
1043 3634 1084 3679 est
1101 3633 1131 3678 et
1148 3638 1246 3681 natura
1265 3628 1347 3679 rehe-

258 3707 366 3752 menter
381 3712 475 3751 urens:
495 3700 538 3752 sin
558 3716 592 3752 ex
615 3698 765 3753 humidiori
782 3699 875 3763 nubs,
901 3697 1020 3750 colorem
1038 3696 1131 3750 album
1148 3699 1233 3755 habet
1249 3715 1281 3751 ac
1297 3700 1347 3750 mi-

223 3806 228 3815 ·
259 3788 311 3823 ms
330 3772 392 3823 urit.

330 3842 374 3893 Sic
395 3856 475 3913 ergo,
500 3839 727 3909 quemadmodum
755 3837 928 3907 exposuimus
952 3838 1099 3905 hactenus,
1116 3843 1204 3895 sidera
1222 3847 1347 3893 nontam

261 3912 377 3964 errantia
395 3929 475 3984 quam
503 3911 616 3962 erratica
641 3924 727 3963 rerum
755 3910 847 3977 opiiex
863 3918 945 3979 atque
963 3912 1088 3965 dominus
1107 3914 1135 3965 in
1149 3914 1224 3981 signa
1242 3922 1347 3979 tempo-

259 3998 346 4053 raque
367 3983 519 4037 constituit.
548 3997 580 4032 ea
600 3996 664 4033 vero
692 3986 856 4050 potestatem
874 3981 1030 4036 absolutam
1051 3985 1081 4035 in
1100 3985 1220 4035 actiones
1243 3992 1345 4034 nostras

261 4052 364 4106 habere
374 4093 382 4119 ,
402 4056 586 4121 virtutemque
603 4051 682 4103 nobis
701 4051 852 4102 asrtvitium
869 4050 982 4120 indere,
1000 4072 1079 4107 nemo
1097 4071 1218 4123 unquam
1237 4053 1347 4105 rationis

262 4142 372 4197 compos
401 4124 517 4185 dixerit,
545 4122 679 4193 siquidem
703 4121 785 4172 deum
813 4138 862 4191 per
878 4133 967 4177 vatem
987 4124 1063 4194 loqui
1080 4123 1199 4177 audierit
1216 4123 1313 4196 (isaiae
1335 4142 1343 4175 r

266 4198 309 4269 ¹9)
325 4197 366 4263 „si
386 4195 527 4249 volueritis
552 4203 581 4248 et
594 4192 844 4264 obterrrperuveritis
862 4194 948 4261 milri,
975 4195 1056 4248 bonis
1072 4204 1161 4247 terrae
1177 4197 1346 4259 vescemini,”
