3000 4859
274 266 329 369 [ιι
605 290 824 359 memsuis
851 287 1022 360 (cuncte⁴

273 449 339 514 τάν
358 448 511 532 χιομένην
530 436 632 531 αιήήν
654 449 708 512 καί
729 442 865 531 οδρανδν
886 443 1096 528 περιλάμπειν
1123 443 1180 507 καί
1194 439 1252 507 τάν
1270 438 1364 523 δίρα,

275 544 332 611 καί
350 546 433 627 duod
450 570 483 611 τε
503 548 542 631 τῇ
561 549 602 633 μή
622 544 707 632 πάσῃ
728 546 784 611 καί
801 548 839 631 τῇ
858 541 1007 631 θαλάσσῃ
1026 544 1367 627 συμπαρεκτεινεσθαι.

275 641 321 730 μή
338 636 396 711 οὖν
415 640 565 710 ducturo
585 628 623 711 σε
644 640 738 709 τουτί
756 640 968 729 φαινόμενον,
989 642 1072 727 μηδὲ
1088 648 1246 725 πηχυαῖον
1265 638 1366 704 ου’τὸν

276 738 359 809 εἶναι
390 739 518 824 νόμιζε·
573 742 595 829 ή
622 739 684 828 ράρ
716 734 792 823 ὄψις
822 738 914 824 ήμῶν
943 744 1198 825 ἐνδαπανηθεῑσα
1226 741 1271 827 τρῖ
1290 740 1366 821 α’ἑρι

196 853 224 908 Ρ.
235 842 450 908 αααάντεῦθεν
468 843 607 927 ἐξίτηλος
626 851 773 926 γεγονυῖα
790 840 871 924 πρὸς
891 838 948 923 τήν
969 840 1086 923 α’νριβή
1104 837 1283 923 κατάληψιν
1300 836 1398 903 nm

278 938 447 1025 ὁρωμένων
470 940 529 1005 ode
550 944 683 1025 εᾞαρνεῑ.
725 943 792 1006 κατ’
814 936 960 1023 ἔκπληξιν
980 936 1089 1003 λοιπὸν
1109 938 1166 1001 καί
1186 935 1266 1001 κατά
1287 935 1367 1018 σάγ-

277 1064 380 1123 ιιρισιν
393 1041 494 1123 μέγαν
512 1041 640 1107 ἐκάλεσε
655 1040 712 1105 τὸν
733 1032 824 1125 ἥλιον
843 1037 863 1122 ή
879 1038 1000 1124 γραφή.
1025 1032 1085 1122 ὅρα
1105 1034 1168 1120 γάρ
1188 1031 1238 1101 δτι
1256 1037 1313 1099 καί
1322 1034 1364 1101 τά

277 1136 355 1225 κήτη
369 1139 410 1203 τά
429 1133 552 1220 μεγάλα
577 1138 702 1223 μεγάλα
721 1131 848 1221 εἶπενή
876 1140 982 1222 γραφή
1007 1134 1068 1219 οάχ
1092 1130 1139 1199 δτι
1159 1135 1286 1217 καρίδος
1309 1136 1367 1199 ναί

276 1238 422 1319 μαινίδος
442 1233 575 1321 μείζονά
593 1240 684 1318 εἰσιν,
697 1238 771 1303 ἄλλ’
790 1232 839 1301 δτι
855 1234 1016 1321 μεγίστοις
1036 1238 1179 1300 ἐοίκασιν
1199 1226 1286 1319 ὄρεσι
1307 1234 1366 1317 τῆς

276 1334 435 1421 θαλάττης
455 1332 604 1413 πολλάκις
628 1332 903 1423 δπερνηχόμενα.’
924 1338 979 1401 καί
992 1338 1137 1419 ἐποίησεν
1159 1332 1176 1397 δ
1197 1331 1422 1409 &succedero

278 1439 452 1523 φωστῆρας
472 1432 548 1512 roric
572 1436 741 1519 μεγάλους.
796 1432 853 1499 καί
878 1436 946 1510 πάς
965 1434 1025 1520 γάρ
1049 1437 1090 1497 od
1106 1431 1239 1517 μίγαςδ
1260 1430 1367 1515 ήλιος,

278 1534 344 1617 εἴγε
364 1533 420 1599 καί
448 1537 502 1619 τής
529 1536 586 1620 γῆς
616 1534 716 1619 τιν’τής
746 1536 992 1600 πολλαπλασίαν
1012 1534 1100 1614 ἑστίη
1119 1529 1254 1617 καὶγὰρ
1273 1533 1304 1598 εἰ
1321 1529 1368 1615 μή

278 1634 368 1701 τοῦτο
387 1630 566 1717 ἐτύγχανεν,
588 1634 646 1698 osis
667 1629 707 1699 δν
727 1632 923 1720 ὑπερφανεὶς
947 1635 1005 1697 τοῦ
1028 1630 1188 1717 ὁρίζοντος
1210 1635 1250 1720 τῇ
1269 1632 1369 1718 σι’κείη

278 1736 449 1819 τηνικαῦτα
472 1730 606 1814 δυνάμει
628 1736 880 1819 συμπεριείληφε
899 1732 1075 1812 ξύμπαντα.

251 1842 273 1893 Β
362 1832 462 1915 Μέγα
494 1834 573 1913 μέν,
605 1828 649 1910 uic
670 1834 878 1919 προείρηται,
899 1835 956 1896 καί
971 1828 1007 1896 rc*
1028 1832 1085 1917 τής
1105 1829 1236 1915 σελήνης
1255 1832 1369 1911 σῶμα,
1382 1832 1425 1897 15

279 1932 335 1996 καί
358 1927 536 2017 φανότατον
555 1954 590 2016 με
609 1930 692 2013 μετά
713 1930 770 1998 τδν
789 1928 887 2015 ἥλιον.
929 1931 961 1996 εἰ
980 1929 1041 2014 γάρ
1062 1928 1119 1995 καί
1135 1930 1179 2014 μή
1201 1931 1309 1994 διόλου
1329 1928 1369 1993 τά

280 2033 350 2117 φάς
371 2028 470 2113 αὐτῆς
490 2030 719 2115 ἀμετακίνητον
736 2032 843 2113 μένει,
868 2026 949 2095 rut
970 2034 1027 2095 καί
1039 2032 1132 2095 τοῦτο
1153 2026 1293 2114 άρρήτου
1314 2051 1372 2093 σο·

281 2132 359 2215 φίας
382 2130 440 2193 τοῦ
475 2130 671 2215 δημιουργοῦ
697 2130 841 2210 πάντων,
872 2126 955 2195 dors
983 2133 1026 2217 τῷ
1047 2126 1126 2195 κατά
1159 2127 1217 2213 τήν
1237 2126 1372 2213 σελήνην

279 2228 420 2309 θεάματι
452 2224 665 2295 παιδεύεσθαι
692 2230 778 2315 ἡμᾶς
798 2225 840 2294 τά
871 2228 1009 2314 ἡμέτερα
1030 2231 1066 2295 δὲ
1089 2231 1146 2294 καί
1162 2230 1216 2313 τῆς
1238 2231 1373 2311 ταχείας

278 2331 342 2393 τάν
363 2325 575 2412 ἀνθρωπίνων
608 2332 798 2415 περιτροπῆς
829 2330 975 2395 ε’νιεῦθεν
993 2331 1040 2404 εἰς
1056 2325 1181 2393 ἔννοιαν
1199 2326 1370 2413 ἔρχεσθαι.
1380 2350 1428 2393 oo

281 2422 370 2510 οἶμαι
395 2429 431 2493 δὲ
464 2424 520 2493 soi
549 2430 589 2516 τῇ
609 2432 672 2495 τάν
693 2430 782 2509 ζώων
800 2431 980 2517 κατασκευή
1008 2426 1146 2505 καὶτοῖς
1166 2435 1285 2502 λοιποῖς
1305 2435 1372 2502 τοῖς

281 2526 343 2592 dud
379 2528 437 2611 ρης
464 2530 636 2613 φυομένοις
654 2524 700 2614 μή
730 2524 850 2615 μικράν
876 2526 1034 2615 ὑπάρχειν
1060 2529 1096 2595 ἐκ
1125 2530 1183 2614 τής
1210 2524 1289 2592 κατά
1311 2524 1373 2612 τήν

280 2763 420 2835 proiectus
439 2763 473 2817 nb
492 2765 525 2817 iis
543 2756 674 2836 splendor
686 2766 793 2819 coelun
805 2766 892 2836 ipsum
906 2766 1066 2819 collustrare
1083 2766 1171 2836 possit
1187 2773 1216 2818 et
1233 2770 1311 2827 atre,
1330 2765 1372 2816 si-

280 2836 393 2906 mulque
418 2844 505 2888 semes
524 2836 559 2889 nd
577 2846 675 2889 terram
708 2854 739 2889 ac
756 2854 830 2889 more
847 2844 935 2888 toturn
957 2839 1101 2907 porrigere.
1120 2845 1288 2907 quapropter
1304 2852 1373 2887 cnse

280 2924 317 2959 ne
333 2907 536 2976 persuasionem
563 2906 598 2960 de
617 2906 670 2959 hnc
688 2907 778 2960 sidere
807 2907 902 2958 falsum
919 2910 1057 2977 sequeris,
1086 2925 1139 2959 nec
1154 2906 1374 2977 magnitudinem

281 2978 341 3029 eius
360 2992 419 3028 esse
437 2976 583 3031 cubitalem
604 2978 750 3031 existimes.
770 2980 872 3030 etenim
891 2978 1035 3048 adspectus
1053 2986 1146 3031 noster
1162 2980 1192 3031 in
1211 2984 1276 3030 edre
1294 2976 1376 3028 velot

281 3046 438 3116 ebersmptus
456 3064 487 3099 ec
514 3048 668 3101 deminutus
696 3049 732 3101 nd
758 3048 1028 3118 comprehensionem
1046 3050 1172 3113 illorum,
1200 3064 1271 3118 quse
1289 3065 1375 3116 supra

281 3134 331 3171 nos
350 3118 546 3188 conspicimus,
564 3120 776 3191 haudquaquam
799 3120 908 3172 sufficit.
938 3120 1032 3190 itsque
1050 3120 1157 3173 litterae
1177 3136 1270 3171 sacrae
1286 3119 1375 3170 sotem

281 3190 1376 3327 tut*titttttttstttttt‘tttttttt'ttttt‘tstttsttgtt

282 3338 395 3393 vocant,
424 3348 479 3383 non
508 3332 583 3402 quod
607 3333 662 3385 vel=
678 3334 780 3403 squilla
798 3332 842 3384 vel
871 3331 965 3384 halece
990 3333 1107 3383 maiores
1125 3331 1199 3394 sint,
1231 3329 1280 3381 sed
1298 3328 1376 3400 quod

283 3400 422 3453 montibus
439 3403 523 3455 etiam
541 3404 663 3456 menimis
681 3406 737 3457 siut
754 3404 919 3468 consimiles,
936 3420 997 3455 curn
1009 3404 1039 3454 in
1059 3402 1203 3471 superficie
1221 3402 1304 3451 meris
1324 3418 1378 3451 ne-

283 3478 353 3523 tant.
371 3474 472 3527 creavit
490 3489 553 3543 ergo
578 3473 644 3527 deus
662 3474 806 3527 luminaria
829 3490 933 3543 magne.
960 3482 988 3525 et
1006 3488 1062 3544 quc
1085 3481 1165 3542 pecto
1183 3471 1225 3523 sol
1243 3487 1300 3523 non
1316 3488 1378 3521 suu.

286 3558 353 3612 φησι
368 3542 411 3605 sit,
429 3543 453 3595 si
473 3542 585 3614 quidem
604 3560 666 3596 euin
682 3546 776 3597 multis
793 3554 865 3597 terru
883 3543 1005 3629 portibus
1024 3560 1083 3596 esse
1101 3545 1230 3595 maiorem
1248 3542 1380 3593 constat?

284 3630 348 3665 num
367 3612 471 3683 absque
500 3614 551 3667 illo
571 3615 657 3681 foret,
685 3633 742 3669 non
759 3632 839 3688 supra
866 3615 997 3667 circulum
1015 3615 1151 3667 finitorem
1171 3621 1333 3684 conspectus
1349 3614 1379 3665 ri

288 3700 338 3737 sun
355 3692 453 3736 cuncta
472 3685 705 3757 complecteretur.

356 3754 455 3808 Itidem
483 3762 516 3807 ut
546 3756 628 3809 modo
645 3757 849 3822 iudicabamus,
868 3758 950 3809 lunse
977 3760 1086 3826 quoque
1104 3770 1201 3823 corpus
1218 3755 1313 3823 ingens
1335 3764 1380 3808 est

285 3824 481 3879 sesecundum
498 3826 584 3879 solem
595 3828 798 3881 lucidissimum
817 3846 879 3880 nem
918 3828 973 3880 uod
990 3827 1039 3878 tux
1057 3826 1116 3877 eius
1133 3842 1189 3877 non
1200 3842 1308 3895 prorsus
1326 3826 1382 3877 irn-

285 3894 397 3949 mobilis
423 3905 480 3960 est,
498 3896 528 3947 id
554 3914 617 3949 vero
643 3898 679 3951 nd
698 3900 860 3969 sapientium
886 3845 961 3950 idam
980 3913 1070 3950 rerum
1088 3896 1192 3964 opificis
1209 3895 1380 3947 ineffabilem

286 3965 381 4018 referri
399 3966 491 4019 debet.
508 3966 632 4037 adeoque
653 3970 745 4021 lunam
768 3972 952 4040 inspectantes
971 3968 1006 4021 de
1027 3984 1115 4019 rerum
1133 3975 1286 4019 nostrerum
1303 3975 1381 4017 sesso

287 4044 317 4089 et
335 4036 495 4091 conditione
518 4054 569 4090 nos
593 4038 696 4091 erudiri
722 4042 856 4104 sciamus,
886 4048 918 4092 ut
937 4038 1001 4091 hinc
1017 4038 1114 4091 moniti
1133 4036 1169 4089 de
1185 4037 1268 4089 celeri
1287 4052 1380 4089 rerem

287 4104 468 4161 humanarum
493 4110 634 4161 eversione
660 4112 818 4178 cogitemus.
845 4127 1000 4181 quenquam
1037 4115 1178 4179 praeterea
1202 4124 1259 4159 non
1281 4124 1381 4175 perum

286 4177 419 4249 prodesse
437 4180 616 4235 mutationem
636 4180 711 4237 itum
727 4182 811 4235 lunae
828 4189 884 4236 tem
904 4182 971 4253 ipsis
990 4176 1177 4235 animantibus
1189 4194 1272 4249 quem
1288 4186 1382 4231 ecete-
