3000 4859
301 288 382 401 176
628 311 847 377 asscrranss
875 310 1040 375 antean

293 488 345 541 τες
372 463 567 549 εὑρήσομεν,
599 459 663 545 εἴγε
683 467 723 548 τῇ
745 464 918 549 α’κολουθιηι
942 462 1109 545 προσέχειν
1129 459 1307 546 αἱρούμεθα
1331 466 1385 549 τῆς

289 566 388 646 ,ἁγίας
406 565 541 649 γραφῆς.
593 563 670 626 oa’di
686 560 749 645 γαρ
773 555 822 625 ὅτι
844 562 966 643 παρῆγε
987 557 1039 623 τὸν
1060 552 1229 643 ἄνθρωπον
1250 560 1266 627 o‘
1288 562 1383 641 θεὸς,

294 664 338 737 ὥς
358 656 425 727 ἄνα)
445 664 641 745 διείληπται,
663 659 736 725 τότε
760 657 840 742 πρὸς
863 654 961 722 osiris
980 655 1084 740 ἔλεγεν
1103 650 1144 748 ,ᾖ
1169 662 1198 725 δ’
1225 653 1264 727 ὃν
1281 662 1384 749 η’μέρη

294 759 415 847 φάγητε
432 759 495 826 dut
516 765 574 826 τοῦ
597 762 722 846 φυτοῦ,
744 754 872 847 θανάτῳ
899 758 1115 823 ἀποθανεῖσθε
1124 762 1153 840 ,”
1175 759 1256 825 cilici
1281 766 1386 850 uoliqi

266 859 375 940 (ἱμετιὲ
397 858 455 943 τὴν
481 862 584 925 αὐτοῦ
607 854 799 943 τιαραγινγην
829 854 972 940 ὕστερον.
1014 855 1096 939 μετὰ
1118 857 1178 941 γὰρ
1198 857 1232 923 τό
1252 863 1413 930 καθισαι5

294 962 443 1043 βασιλέα,
468 957 550 1041 μετὰ
571 956 605 1023 τί
639 953 821 1041 οἷναγθῆναι
848 953 887 1021 τὰ
916 958 981 1035 loia
1003 956 1080 1041 πρὸς
1102 957 1213 1040 αιίτόν,
1244 958 1324 1039 μετὰ
1349 958 1386 1024 τὸ

295 1065 394 1143 πέρας
421 1062 469 1125 s'n'
501 1061 589 1146 αὐτῷ
617 1060 772 1136 δέξασθαι
803 1054 841 1121 τὰ
863 1057 919 1139 τῆς
938 1056 1030 1131 θείας
1055 1060 1174 1140 βουλῆς
1182 1106 1192 1141 ,
1214 1055 1284 1122 τότε
1304 1060 1386 1142 πρὸς

288 1158 392 1223 ἀὐτὸν
411 1158 432 1241 ἢ
454 1157 583 1240 τοιαύτη
604 1158 805 1240 γέγονενθεια
830 1152 937 1240 φωνή,
957 1152 1030 1219 τότε
1047 1152 1085 1237 δη
1108 1152 1178 1219 τότε
1199 1160 1256 1221 καί
1274 1157 1386 1243 χώραν

295 1255 474 1333 tetracos
504 1253 664 1339 discindere
684 1258 755 1319 κατ’
786 1255 895 1319 aaran
936 1252 990 1317 daci
1010 1252 1098 1319 τίδὲ
1117 1258 1241 1338 ταῦτα,
1265 1258 1320 1322 καί
1335 1258 1384 1323 τί·

197 1356 200 1364 ’
295 1382 349 1433 νος
366 1356 483 1437 beses,
504 1357 558 1421 ἵνα
574 1353 619 1444 μή
645 1352 809 1419 α’θανιίτου
836 1350 1001 1435 μείναντος
1021 1353 1123 1419 αὐτοῦ
1143 1354 1222 1436 μετὰ
1244 1354 1302 1440 τὴν
1322 1382 1384 1421 τισ-
1397 1383 1435 1427 so

296 1457 434 1543 ραβασιν
464 1454 555 1543 μείνη
586 1453 648 1521 οὖν
681 1452 767 1542 αὐτῷ
796 1454 852 1518 καί
879 1450 915 1518 τὸ
949 1452 1046 1519 κακὸν
1075 1455 1108 1533 ἐξ
1134 1448 1270 1542 ἀνάγκης
1300 1457 1385 1522 dao-

295 1579 399 1621 νατον.

211 1658 287 1735 V072
372 1651 442 1721 Ὅτι
470 1655 506 1721 δὲ
539 1652 697 1728 ἀθάνατος
724 1650 837 1734 ἔμελλε
867 1660 976 1734 μεῖναι
1006 1649 1084 1732 μετὰ
1105 1649 1163 1737 τὴν
1185 1652 1385 1739 ιῖμαρτίανὸ

296 1745 472 1838 ἄνθρωπος,
492 1755 523 1819 αι’
540 1751 584 1836 μη
597 1755 704 1836 γέγονέ
716 1774 764 1826 τις
783 1752 944 1833 οἰκονομία
964 1751 1039 1815 θεία
1059 1742 1139 1817 aiore
1158 1752 1204 1837 μή
1225 1754 1280 1818 καί
1299 1754 1384 1839 ἡμᾶς

295 1853 442 1919 ἀθάνατα
463 1853 599 1935 πάσχειν
616 1849 695 1918 κατὰ
714 1850 788 1925 τούς
810 1846 997 1925 ἐκπεσόντας
1017 1852 1182 1933 ἀγγέλους,
1208 1847 1225 1915 ὅ
1250 1851 1383 1937 Νύσσης
1397 1858 1437 1921 15

293 1956 380 2028 θεῖος
411 1956 442 2017 Γ
438 1950 581 2039 ρηγὸριος
620 1960 684 2028 τοῖς
724 1949 865 2033 ἀμαθέσι
896 1951 1009 2014 δίδωσι
1040 1951 1116 2027 τέως
1149 1946 1222 2035 ἡμῖν
1256 1948 1381 2018 enoria.

260 2048 421 2139 Ι),,ἐνιιιδη“
452 2050 512 2136 γὰρ
544 2054 579 2117 ἐν
614 2059 679 2127 τοῖς
707 2051 988 2133 α’κηγορευμένοις”
1026 2050 1107 2135 φησί
1139 2048 1322 2134 ,γεγόνασιν
1350 2050 1383 2116 oi

293 2156 413 2237 πρῶτοι
444 2145 609 2241 ἄνθρωποι
645 2154 700 2215 καί
725 2154 782 2233 τῆς
801 2148 1031 2233 μακαριότητος
1054 2151 1172 2233 ἐκείνης
1195 2150 1383 2233 οίιιεγυμνσί-

293 2258 414 2337 θησαν,
442 2252 581 2334 χιτῶνας
610 2251 816 2333 δερματίνους
846 2242 942 2333 ἤγουν
975 2245 1032 2332 την
1053 2246 1116 2311 dno*
1138 2252 1201 2313 soie
1223 2251 1312 2329 ζώων
1330 2272 1385 2315 τε·

294 2350 428 2437 κρίτητα
449 2352 650 2431 οἰκονομικοῖς
664 2351 795 2433 ἐνέθηκε
814 2351 855 2436 τῇ
873 2349 918 2425 τίς
937 2340 1117 2413 α’θανασίαν
1135 2349 1296 2437 κτισθείσῃ
1317 2350 1437 2436 psi-ao

293 2476 362 2532 σει,
383 2450 435 2516 ἵνα
454 2448 498 2534 μη
519 2446 554 2515 si
574 2448 671 2513 κακὸν
692 2449 853 2513 ἀθάνατον
877 2440 931 2535 ii·”
972 2446 1075 2521 καλῶς
1097 2449 1133 2513 δὲ
1154 2442 1239 2512 εἶπεν
1263 2448 1383 2513 οἰκονο-

292 2553 393 2633 μικῶς
425 2546 442 2612 ὅ
470 2554 558 2625 θεῖος
585 2538 678 2623 οὗτος
699 2544 799 2633 α’νῆρ·
847 2546 1016 2631 κηδόμενος
1046 2545 1106 2631 γὰρ
1136 2546 1225 2630 ἡμῶν
1246 2544 1262 2610 ὁ
1284 2548 1382 2631 θεός,

291 2643 374 2716 ὥστε
395 2647 440 2732 μη
475 2646 671 2731 ἁμαρτάνειν
700 2645 848 2713 redama
868 2646 926 2713 καί
951 2639 1032 2711 ὥστε
1053 2644 1097 2731 μη
1122 2648 1386 2731 συμπαραμένειν

362 2816 388 2869 6.
405 2806 437 2870 td
455 2814 484 2874 dt
501 2816 588 2887 πέρας
606 2812 636 2867 P·

176 2978 181 2992 a
294 2971 350 3007 rem
370 2954 446 3004 illam
465 2950 740 3015 administrationem,
758 2950 800 3003 uti
818 2952 939 3021 superius
964 2952 1109 3005 indicatum
1129 2960 1186 3017 est,
1206 2953 1385 3023 reperiemus,

292 3023 444 3095 siquidem
462 3025 542 3075 seriei
561 3040 696 3075 sacrarum
716 3022 867 3074 litterarum
887 3021 1028 3077 advertere
1042 3024 1158 3075 animum
1178 3023 1385 3079 velamanen

293 3097 366 3147 euim
392 3103 449 3147 tum
470 3110 554 3165 quum
571 3095 701 3146 conderet
729 3092 867 3145 homiuem
887 3093 970 3158 deus,
993 3103 1024 3147 ut
1039 3103 1119 3147 antea
1138 3093 1310 3157 dicebamus,
1336 3094 1386 3148 lais

292 3164 327 3217 ad
347 3166 435 3235 ipsum
453 3164 543 3217 verbis
561 3182 625 3217 usus
644 3173 686 3217 est
704 3164 784 3232 (Gen.
803 3180 819 3214 a
843 3164 884 3235 ¹7)
903 3181 1084 3236 „quacunque
1103 3165 1148 3217 die
1166 3166 1310 3217 vescemini
1328 3163 1387 3219 hac

293 3236 398 3300 arbore,
417 3245 503 3288 morte
521 3234 736 3300 multabimini,”
755 3234 803 3288 sed
822 3234 964 3304 aliquanto
975 3245 1038 3305 post
1050 3237 1108 3288 elus
1120 3236 1284 3289 creationem
1294 3237 1387 3288 iuter.

293 3309 365 3360 iectu
389 3315 518 3377 tempore.
541 3316 718 3377 posteaquam
747 3306 820 3357 euim
846 3320 935 3375 regem
953 3306 1041 3376 ipsum
1058 3308 1250 3371 constituerat,
1271 3316 1387 3377 postea-

293 3395 374 3448 quam
400 3378 529 3429 animalia
555 3387 652 3429 cuncta
676 3376 828 3429 deduxerat
852 3376 886 3429 ad
912 3392 991 3441 eum,
1009 3385 1186 3448 posteaquam
1204 3378 1323 3429 divinum
1343 3376 1385 3430 sie

294 3450 354 3519 ipso
372 3449 514 3500 consilium
534 3448 570 3499 ad
586 3451 688 3500 exitum
703 3448 862 3517 perductum
888 3454 960 3513 erat,
977 3455 1035 3499 tum
1053 3448 1160 3500 demum
1182 3448 1232 3500 hac
1250 3464 1311 3502 euru
1330 3464 1387 3501 ro-

294 3535 326 3571 ce
344 3521 497 3591 compellat
522 3518 601 3571 simul
620 3517 746 3571 adversus
772 3519 859 3588 ipsum
876 3518 905 3569 id
924 3521 1053 3589 temporis
1070 3536 1141 3571 mors
1160 3519 1249 3571 locum
1267 3519 1385 3573 invenit.

293 3590 469 3664 quamobrem
494 3588 566 3643 hoc?
589 3606 624 3641 ne
649 3590 671 3642 si
697 3590 840 3641 mansisset
857 3590 1014 3641 immortalis
1043 3598 1107 3661 post
1125 3590 1387 3661 transgressionem,

293 3663 444 3714 necessario
463 3670 601 3732 peccatum
618 3677 728 3731 quoque
747 3677 809 3711 cum
826 3660 884 3731 ipso
904 3661 961 3711 sine
980 3660 1034 3711 line
1052 3668 1182 3713 maneret.

365 3733 398 3784 Et
417 3749 479 3783 vero
498 3733 675 3783 immortalem
700 3732 820 3784 futurum
849 3730 930 3783 luisse
947 3730 1085 3783 homiuem
1106 3732 1186 3784 etiam
1204 3736 1268 3799 post
1283 3746 1389 3799 pecca-

293 3809 368 3866 tum,
391 3804 443 3854 nisi
468 3802 632 3873 dispensatio
659 3800 750 3853 (lirina
775 3800 907 3872 quaedam
934 3802 1105 3867 accessisset,
1131 3818 1166 3855 as
1189 3802 1241 3871 ipsi
1269 3816 1387 3885 quoque

293 3874 432 3945 perpetuis
451 3874 547 3943 poenis
566 3874 773 3936 subiiceremur,
796 3880 826 3925 ut
843 3872 945 3943 angelis
963 3874 1045 3943 lapsis
1067 3872 1182 3935 accidit,
1201 3872 1308 3925 divinus
1329 3872 1386 3923 alle

292 3944 349 4005 vir,
370 3944 515 4012 Gregorius
533 3945 644 3995 antistes
663 3944 800 4010 Nysaeuus
818 3942 947 3997 ostendit
969 3953 1160 4017 posteaquam,
1180 3943 1237 4005 ait,
1257 3940 1386 3995 homines

292 4013 335 4065 illi
355 4015 492 4083 principes
509 4016 594 4067 vetita
611 4014 802 4065 commiserunt
818 4030 849 4065 ac
869 4014 1002 4068 beatitate
1023 4032 1070 4068 sua
1089 4014 1185 4067 nudati
1203 4021 1280 4077 suut,
1297 4013 1387 4083 pelli-

290 4085 346 4136 ceis
365 4085 477 4146 tunicis,
505 4084 557 4136 lsoc
585 4092 626 4135 est
651 4084 808 4135 animalium
836 4086 1016 4148 mortalitate,
1034 4094 1107 4137 certo
1128 4085 1245 4155 quodam
1264 4084 1384 4137 consilio

291 4162 320 4205 et
337 4153 542 4224 dispensatione
569 4153 636 4206 desis
660 4162 784 4207 naturam
810 4154 844 4204 ad
864 4156 1094 4209 immortalitatem
1115 4155 1250 4208 conditam
1269 4154 1384 4217 induit,

290 4239 326 4277 ne
344 4225 445 4279 natum
466 4234 606 4297 *perpetuo
634 4225 752 4279 duraret.
780 4224 880 4296 quibus
900 4228 928 4281 iu
952 4226 1041 4283 verbis
1061 4226 1197 4299 praeclare
1219 4225 1320 4279 dictam
1337 4226 1385 4278 le-
