3000 4859
496 309 714 376 annmrrm
742 313 845 380 rans
872 321 898 378 1.
1163 293 1235 396 td!

149 484 250 548 μετα·
277 459 364 547 ἔχεις
384 461 444 546 γάρ
462 458 519 528 τόν
538 467 686 549 arratam
704 471 793 532 θεῖον
811 466 1021 538 Ἀντιστάσιάν
1045 476 1173 555 λέγοντο
1194 499 1239 558 μη

148 561 309 632 τὸνθεόν
336 557 421 628 εἶναι
449 566 512 627 τοῖν
539 561 691 630 τοιούτων
720 564 843 649 αἴτιον,
872 567 971 653 assiria
991 573 1026 638 δὲ
1045 574 1164 653 μᾶλλον
1183 567 1240 655 τὴν

148 663 248 752 φάσιν
266 666 323 728 καί
340 660 398 744 τὴν
415 661 481 726 τάν
500 663 664 746 τεσσάρων
681 670 848 748 στοιχείων
868 667 1052 754 συνδρομὴν
1073 668 1130 736 καί
1148 671 1239 736 σονέ·

146 769 266 828 λουσιν.
314 753 354 826 όν
383 758 443 844 γάρ
464 758 583 848 simet
601 764 777 848 πλημμάρσ
799 769 857 830 τοῦ
876 770 1001 852 θερμοῦ
1024 769 1181 852 στοιχείου
1204 773 1238 836 ἐν

117 864 184 949 δεῇ
204 856 276 950 άρφ
305 863 364 944 τῆς
395 861 454 923 τοῦ
484 863 627 946 βρέφους
656 862 863 947 συλλήψεως,
895 869 1018 951 θερμῆς
1038 869 1180 952 κράσεως
1201 867 1235 935 τό

144 957 327 1041 τικτόμενον
345 955 486 1042 γίνεται·
529 956 588 1025 ε’άν
609 962 645 1026 δὲ
663 960 700 1026 τό
717 961 846 1048 ψυχρόν
866 966 1129 1056 καθυπερτερήση
1150 992 1238 1034 oaor-

141 1069 250 1143 χεῖον,
270 1060 474 1141 ψυχροτέρας
493 1059 587 1136 ἕξεως
606 1055 786 1145 εόρίσκετοιι
798 1060 834 1128 τό
856 1064 1047 1146 τικτόμενον.
1089 1059 1238 1132 ἐντεῦθεν

142 1157 256 1224 λοιπόν
285 1154 360 1222 ότε
384 1158 541 1242 θυμώδης
570 1157 665 1224 καίό
694 1163 816 1244 πρᾶος,
848 1161 865 1226 ό
891 1163 1036 1249 άνόρεῖος
1053 1169 1108 1231 καί
1126 1163 1236 1242 δειλός.

141 1260 199 1324 καί
215 1253 280 1339 όρα
298 1254 428 1324 τόσσόν
448 1256 504 1324 καὶ
521 1255 576 1323 τόν
596 1255 726 1347 ἔλαφον,
747 1256 878 1342 τὸνμὲν
899 1261 980 1346 πρός
1001 1262 1139 1347 πόλεμον
1159 1268 1236 1332 iror-

100 1379 203 1438 ιομον
226 1355 283 1422 διά
305 1355 503 1440 θερμότητα,
525 1357 582 1421 τόν
602 1359 639 1422 δὲ
661 1355 719 1441 τῆν
734 1356 842 1444 μάχην
866 1363 1023 1446 φεύγοντα
1045 1362 1099 1428 dmi
1121 1361 1177 1447 την
1200 1367 1263 1432 ixit

141 1453 348 1540 ψυχρότητος
368 1455 455 1542 edroi
474 1459 658 1542 προσοῦσαν
679 1459 810 1524 δειλίαν.
834 1457 891 1524 tt»
912 1463 947 1525 δὲ
968 1459 1004 1526 τό
1024 1460 1116 1546 ξηρόν
1137 1459 1236 1545 άπερ-

139 1554 260 1643 τερήση
281 1564 453 1637 στοιχεῖον,
476 1551 635 1640 νηφάλιάν
654 1579 726 1622 τινα
747 1558 803 1626 καί
821 1558 975 1644 γρήγορον
996 1563 1157 1627 άποτάιτει
1177 1557 1236 1628 άν-

139 1661 281 1740 θρριπον.
324 1658 376 1742 ἐφ’
404 1645 432 1744 ᾧ
452 1654 512 1719 καί
527 1679 576 1730 τις
598 1657 722 1742 σοφός,
743 1647 768 1745 ᾧ
792 1649 892 1740 όνομοι
909 1654 1126 1744 Ἡράκλειτος,
1146 1660 1233 1747 ἔλεγε

139 1754 254 1838 „popl
278 1757 429 1841 ξηροτίρη
461 1758 668 1840 σοφωτίρη,”
694 1754 804 1840 ψυχὴν
834 1759 974 1822 ἐνταῦθα
995 1757 1052 1844 την
1070 1762 1128 1824 τοῦ
1148 1763 1234 1844 ε’γκε-

96 1863 130 1928 ι5
140 1852 246 1942 φάλον
267 1856 402 1930 καλέσας
414 1853 538 1920 οόσίιιν.
581 1853 637 1920 ι’·άν
659 1856 695 1919 δὲ
714 1855 752 1918 τό
777 1853 873 1940 ὑγρόν
892 1857 1049 1946 πλεονάσῃ
1069 1871 1232 1944 στοιχεῖον,

136 1951 264 2039 νωθράν
287 1978 360 2019 τινσι
385 1962 475 2018 ποιεί
487 1957 543 2017 καί
558 1956 753 2038 δυσκίνητον.
808 1953 888 2020 κατά
908 1959 1009 2020 ταῦτα
1029 1954 1138 2022 λοιπόν
1159 1956 1177 2044 ἦ
1198 1961 1233 2025 ε’κ

136 2051 267 2140 φάσεως
288 2050 429 2136 πραότης
448 2049 601 2139 φρόνησίς
623 2075 660 2116 τε
680 2051 737 2116 καί
753 2053 947 2138 σωφροσύνη
964 2054 1023 2118 οάκ
1036 2057 1151 2138 άρεταί
1167 2067 1233 2137 τοῖς

135 2155 237 2228 θείοις
266 2151 409 2236 πατράσι
442 2151 620 2234 κρίνονται,
649 2151 770 2238 φυσικά
799 2153 834 2216 di
861 2150 1123 2238 πλεονεκτήματα.
1178 2161 1234 2222 καί
1271 2143 1278 2158 ’

135 2250 271 2336 πρόσχτς
299 2249 386 2339 adrisi
406 2254 450 2338 τῷ
472 2245 600 2340 μεγάλην
619 2250 780 2338 Βωσιλείφ
816 2251 934 2334 λε’γοντι
955 2251 1111 2333 ,,πολλοός
1133 2251 1231 2336 ε’γνων

92 2351 234 2439 espiers
266 2353 440 2434 μισοῦντας
465 2348 501 2414 τό
526 2355 702 2433 μίγνυσθαι
730 2351 869 2433 γυναικί.
913 2341 965 2434 ἆρ’
981 2344 1038 2416 oda
1062 2351 1258 2437 σάφρονσςο

134 2450 253 2528 adroic
279 2446 496 2532 damnietatem
526 2444 692 2531 οόδαμάς·
713 2477 719 2504 ι
742 2448 937 2536 σωφροσάνη
956 2449 1018 2534 γάρ
1039 2453 1125 2516 ἐστιν
1145 2450 1227 2537 αὕτη

132 2550 340 2636 ἧίγιιράτεια
361 2548 416 2614 καί
433 2548 469 2614 τό
490 2546 672 2633 μαχόμενον
689 2549 913 2638 περιγενέσθαι
925 2553 989 2618 τεάν
1005 2547 1151 2637 ἧδονῶν.”
1173 2555 1230 2618 καί

132 2651 208 2738 περί
222 2653 286 2733 μὲν
303 2649 420 2716 τοότων
440 2645 549 2726 οότως.
1221 2661 1228 2676 ’

133 2802 290 2856 Anastasius
308 2801 440 2867 sinaites,
462 2802 501 2855 ait
525 2799 605 2855 deum
624 2819 679 2855 non
706 2818 766 2855 ease
794 2802 890 2856 talium
908 2810 1054 2867 auctorem,
1073 2801 1122 2856 sed
1138 2801 1226 2872 ipsam

134 2876 224 2944 potius
244 2883 369 2926 naturam
388 2882 417 2925 et
437 2873 634 2947 elementorum
649 2883 781 2943 quattuor
797 2889 965 2930 coneursum.
984 2891 1045 2925 num
1064 2875 1086 2926 ri
1106 2875 1225 2925 elemen-

135 2946 156 2997 ti
173 2943 257 2997 calidi
270 2944 438 2997 abnndantia
457 2953 580 3013 tempore
598 2945 785 3013 conceptionis
797 2945 966 3007 inveniatur,
985 2953 1224 3014 temperamentum

134 3030 244 3087 qnoque
262 3015 382 3068 calidum
402 3016 576 3086 consequitur
592 3014 621 3065 id
633 3015 706 3085 quod
718 3024 775 3067 tnm
794 3016 918 3083 gignitur.
937 3015 979 3067 sin
992 3016 1121 3068 elementi
1134 3015 1225 3084 frigidi

133 3087 171 3140 vis
188 3087 275 3139 maior
292 3087 385 3149 fuerit.
406 3088 478 3138 fetus
497 3086 577 3138 etiam
603 3085 717 3153 frigidus
734 3093 899 3154 procreatur.
919 3084 1013 3136 eadem
1033 3086 1067 3138 de
1084 3103 1163 3137 causa
1180 3087 1225 3139 rel

134 3157 256 3210 iracundi
282 3159 327 3209 vel
354 3159 448 3220 mites,
470 3157 514 3208 vel
542 3157 625 3207 fortes
652 3157 697 3207 rel
725 3154 896 3207 formidolosi
923 3155 1046 3208 homines
1069 3157 1223 3225 gignuntur.

133 3245 226 3298 aprum
244 3227 308 3281 beie
326 3227 392 3280 mibi
414 3245 473 3280 enm
487 3243 566 3278 cerro
583 3228 707 3290 intuere,
725 3242 838 3294 qnorum
859 3227 908 3278 ille
947 3236 1036 3278 aratus
1057 3236 1099 3278 est
1117 3226 1150 3278 od
1171 3245 1225 3296 pn-

167 3317 209 3352 ιτα
228 3298 264 3351 ob
292 3299 426 3363 calorem,
454 3298 516 3350 heic
538 3313 654 3366 pugnam
682 3295 848 3358 reformidat,
872 3305 900 3349 et
919 3243 988 3366 dgit
1008 3297 1043 3348 ob
1064 3313 1122 3348 eam
1141 3315 1224 3366 quam

133 3317 214 3424 bnabet
235 3387 270 3421 ex
282 3370 399 3438 frigore,
422 3369 606 3422 timiditatem.
628 3367 727 3437 quodsi
745 3367 925 3419 abundaverit
942 3367 1007 3419 sieri
1024 3368 1064 3419 vis
1084 3368 1223 3431 elementi,

133 3440 210 3494 bomo
231 3440 340 3493 sobrios
361 3451 444 3512 atque
461 3441 528 3509 vigil
545 3447 713 3508 procreatum
725 3436 760 3489 de
779 3453 833 3508 quo
848 3439 951 3507 priscus
968 3437 1080 3508 quidam
1098 3439 1223 3508 pbiloso-

132 3511 200 3582 pbna
219 3510 376 3564 Heraclitus
393 3513 478 3574 dixit,
496 3511 612 3562 animam
635 3525 689 3578 quo
707 3509 804 3560 siccior
823 3510 872 3572 sit,
893 3524 925 3559 eo
940 3509 1133 3576 sapientiorem
1153 3525 1221 3575 esse;

133 3583 232 3654 quibus
258 3584 289 3634 in
309 3581 398 3636 verbis
419 3583 536 3634 animam
559 3587 639 3632 voest
662 3581 807 3631 essentiam
825 3579 939 3631 cerebri.
961 3581 983 3630 si
1002 3579 1123 3649 denique
1142 3581 1221 3649 eopia

132 3653 222 3721 frigidi
241 3652 370 3706 elementi
394 3653 577 3723 superaverit,
605 3652 722 3720 gignitur
738 3651 849 3719 ignarus
870 3649 981 3718 qnidam
998 3648 1097 3713 homo,
1117 3651 1222 3721 quique

131 3724 280 3776 difficulter
302 3723 338 3774 ad
363 3724 496 3793 agendum
514 3720 672 3791 impellitur.
692 3738 746 3791 quo
765 3721 798 3773 fit
814 3727 845 3772 nt
862 3721 1013 3772 naturalem
1033 3720 1221 3772 mansuetudi-

130 3811 189 3846 nem
207 3793 382 3866 prudentiam
398 3795 608 3864 temperantiam
625 3809 681 3844 non
692 3794 823 3844 virtutum
842 3791 903 3843 loeo
922 3789 1008 3842 divini
1027 3799 1117 3860 patres
1133 3789 1221 3842 babe-

130 3874 191 3930 ant,
209 3865 258 3918 sed
286 3880 345 3917 ease
369 3865 505 3918 naturalia
530 3861 664 3934 quaedam
688 3862 840 3926 beneficia,
877 3861 976 3930 quibua
996 3861 1132 3913 excellant
1149 3861 1219 3912 alios

130 3937 193 4000 alii,
221 3944 351 3990 statuant.
399 3937 514 3988 Basilina
544 3933 612 4005 quid
637 3933 727 3996 dieat,
759 3933 900 3998 advertito.
918 3931 1035 3996 „multos
1054 3932 1117 3984 nori
1135 3933 1219 4000 quia

131 4015 221 4059 natura
241 4007 399 4076 complexus
416 4007 553 4058 Venereos
584 4003 674 4056 odere.
691 4019 756 4056 num
778 4019 824 4056 eos
846 4011 1026 4072 temperantes
1043 4001 1219 4054 vocabimus?

130 4094 311 4148 nequaqnam:
330 4094 391 4129 nam
412 4077 591 4147 temperantia
609 4083 650 4127 est
661 4074 832 4128 continentia
850 4073 1003 4144 quaedam,
1021 4088 1074 4144 qua
1092 4071 1219 4140 volupta-

131 4153 170 4200 tes
195 4149 340 4202 nobtsenm
357 4157 510 4222 pugnantes
535 4146 693 4204 rinelmua.”
709 4161 742 4198 ae
759 4145 794 4214 de
808 4144 852 4198 bis
869 4143 982 4216 quidem
998 4142 1052 4197 boe
1072 4139 1155 4198 moto
1173 4139 1217 4193 di·

131 4225 199 4272 ctum
217 4227 287 4274 etto.

627 4338 692 4396 χΙ
