3000 4859
239 338 276 395 st
552 331 724 394 BEKKER!
755 328 996 394 caussato.

234 488 419 590 egregius,
455 484 562 589 quod
591 485 762 575 decebat,
789 487 970 592 scriptori
999 512 1094 571 suo,
1116 488 1186 561 ubi
1212 486 1319 565 labo

237 611 368 697 rabat,
393 609 448 685 ibi
472 636 712 700 succurrere,
735 608 801 683 sed
826 613 869 685 in
892 628 1062 689 extremo
1074 608 1230 685 demum
1255 640 1319 689 ro-

235 738 384 811 lumine
415 733 581 809 orationi
621 734 702 811 eius
733 732 882 811 mendis
912 733 1055 811 obsitae
1094 735 1321 839 lacunisque

232 859 358 934 hianti
393 856 537 933 mderi
562 859 697 963 coepit
725 885 794 961 ego
818 884 907 934 vero
930 857 1131 935 decessoris
1155 859 1231 935 mei
1257 860 1318 934 in-

233 980 478 1059 commodum
514 980 760 1059 commodum
793 1008 924 1057 meum
954 982 1177 1073 arbitratus,
1216 982 1317 1059 nihit

231 1104 441 1182 admodum
465 1102 571 1208 quod
594 1130 744 1209 agerem
766 1131 956 1211 superesse
979 1106 1131 1211 putavi,
1153 1108 1185 1183 si
1209 1108 1320 1210 quic·

235 1228 334 1333 quid
357 1228 531 1305 Labbeus
565 1231 624 1333 vel
664 1229 943 1329 emendationis
971 1231 1029 1307 vel
1058 1231 1316 1335 supplementi

234 1353 277 1429 in
312 1371 493 1429 notarum
524 1378 682 1428 suarum
712 1353 868 1429 latebris
901 1350 1122 1439 abdidisset,
1151 1352 1191 1429 id
1225 1351 1319 1429 inde

235 1494 475 1581 protractum
497 1477 651 1577 suisque
674 1475 767 1551 locis
780 1476 990 1581 repositum
1013 1478 1058 1553 in
1083 1496 1319 1583 praesentem

235 1626 350 1675 usum
381 1614 649 1673 converterem.
679 1596 753 1673 feci
782 1598 930 1688 sedulo,
961 1601 1180 1704 paratisque
1200 1602 1321 1706 copiis

234 1740 437 1799 contentus
453 1748 566 1799 novas
589 1720 684 1798 adeo
697 1750 778 1798 non
800 1722 981 1826 requisivi
1005 1742 1052 1799 ut
1075 1725 1191 1800 etiam
1214 1726 1321 1801 ultro

237 1846 373 1921 oblatis
394 1844 657 1931 abstinuerim.
682 1846 788 1921 velut
805 1846 884 1935 illo,
908 1872 1025 1951 quem
1039 1845 1089 1919 ab
1108 1846 1189 1951 ipso
1215 1867 1321 1924 trans

235 1970 434 2045 Oceanum
460 1970 636 2047 Bostcnio
665 1968 882 2071 Pickeringi
913 1968 1163 2075 promittebat
1184 1968 1320 2045 huma·

234 2090 346 2181 nitas,
371 2090 500 2176 seculi,
524 2110 571 2169 ut
594 2090 726 2180 fertur,
752 2090 891 2166 decimi
919 2092 1022 2168 tertii
1046 2090 1186 2170 codice.
1211 2110 1322 2171 notas

236 2232 366 2291 autem
402 2214 564 2306 Labbei,
609 2215 756 2322 quippe
800 2212 964 2320 demptis
1004 2241 1105 2319 quae
1139 2216 1319 2293 criticum

236 2364 349 2414 usum
369 2334 558 2415 baberent
575 2339 803 2424 'exinanitas
828 2337 1056 2415 omittendas
1079 2364 1156 2415 esse
1178 2341 1319 2416 censui.

236 2489 308 2537 nec
331 2464 474 2539 servavi
499 2488 599 2564 quae
624 2481 818 2567 praeterea
849 2461 1051 2539 addiderat
1073 2462 1192 2543 editio
1214 2468 1322 2542 Pari·

235 2586 386 2672 siensis,
408 2582 548 2661 codicis
573 2584 937 2665 Fontisebraldensis
970 2587 1157 2679 indicem,
1177 2591 1322 2694 Glycae

236 2708 512 2813 disputationes
546 2708 640 2791 duas
673 2706 901 2811 theologicas
929 2737 951 2784 a
984 2714 1160 2788 Pontano
1184 2714 1321 2789 Istinc

234 2830 365 2920 editas,
378 2834 535 2909 Meursii
552 2828 1026 2909 deTheodoroMetochita
1039 2836 1320 2941 praeloquium.

233 2956 443 3061 Nicephori
468 2953 718 3059 Gregoraede
742 2954 877 3032 eodem
887 2954 1089 3033 Theodoro
1106 2960 1318 3035 orationem

231 3078 448 3171 funebrem,
472 3080 693 3157 Leunclarii
718 3078 886 3185 denique
908 3082 1110 3159 annalium
1128 3082 1320 3186 Glycano-

232 3232 323 3279 rum
346 3204 396 3279 ad
421 3222 573 3311 captam
597 3232 620 3281 a
640 3205 780 3295 'Tuscis
810 3204 950 3281 urbem
972 3206 1320 3283 continuationem:

233 3354 277 3401 ea
303 3329 408 3404 enim
439 3328 569 3405 omnia
600 3347 670 3406 aut
704 3355 847 3435 parum
878 3330 1082 3405 necessaria
1112 3354 1188 3405 esse
1216 3329 1319 3405 vide·

233 3448 381 3527 bantur
410 3470 480 3529 aut
510 3451 561 3529 ab
593 3450 667 3531 hcc
698 3452 879 3531 historiae
901 3454 1131 3559 Bymntinae
1160 3480 1321 3563 corpore

235 3573 372 3651 aliena.

330 3746 447 3827 scrib.
472 3748 640 3827 berolini
672 3746 724 3827 id.
750 3754 832 3828 Ian.
855 3776 890 3829 c
919 3750 1023 3831 1855.

629 3998 894 4014 -n—u-n-——Qauo-
