3000 4859
473 343 687 407 alsuanum
716 346 820 409 raas
839 349 866 408 r.
1150 322 1206 434 67

121 503 187 579 κός,
211 492 288 563 ὅθεν
320 496 377 560 καί
394 495 552 575 μαλάκισν
572 496 768 579 ὀνομάζεται.
816 497 935 582 γυμνόν
954 492 1012 566 σίν
1029 500 1135 590 πάντη
1154 504 1210 568 καί
1216 512 1237 565 B

121 598 255 674 άσκεττὲς
285 586 320 661 ὃν
351 596 443 680 (volt
472 594 532 680 γάρ
555 593 700 685 ὀστράκῳ
720 592 741 681 ἦ
763 600 897 681 δέρματι
913 604 1109 687 περιέχεται)
1130 624 1209 685 προ-

122 696 371 763 neocaesarea
391 694 569 760 adnodatus
589 698 649 761 soii
671 700 836 780 χειμῶνος,
858 693 932 763 ὅθεν
950 694 1111 778 ἐξάλλεται
1131 702 1226 793 φιά-Ι

122 820 221 879 γουσα
252 791 286 859 τά
323 796 431 877 ψῦχος
458 796 513 859 καί
535 794 593 878 την
613 798 648 861 ἓν
675 793 771 878 βάθει
791 793 937 882 ταραχὴν
957 800 1013 881 τῆς
1031 797 1209 885 θαλάσσης.

102 892 200 962 idrus·
220 884 279 957 σάν
297 890 391 959 ἴδωσι
412 890 446 959 sd
468 890 617 977 ι’χθιίάιον
633 898 726 961 τοῦτο
748 892 972 980 ιάτνηχὸμενον
995 898 1036 985 τῇ
1054 899 1212 986 θαλάσση,

125 996 264 1078 gerusian
281 995 526 1078 τεκμαίρονται,
556 990 662 1078 ὥσπερ
682 990 759 1059 ὅταν
784 992 877 1060 ἴδωσι
899 992 956 1061 τάν
974 994 1137 1063 πολάαοδα
1157 1002 1215 1083 τῆς

125 1098 242 1177 κίτρας
278 1093 520 1178 περιεχόμενον,
551 1093 677 1175 άνέμων
705 1098 909 1178 σημειοῦντσι
930 1094 1046 1183 φοράν.
1087 1098 1216 1180 ἐγκατέ-

127 1216 233 1277 σατιρι
251 1191 315 1279 γάρ
344 1200 410 1270 τοῖς
437 1190 527 1268 ζώοις
558 1190 576 1256 ά
606 1190 684 1269 θεὸς
708 1194 858 1276 δυνάμεις
885 1196 1120 1280 αρσγναστικάς
1137 1193 1217 1279 πρὸς

128 1290 183 1376 την
201 1296 258 1377 τῆς
278 1295 361 1377 ζωῆς
383 1291 488 1357 adroic
507 1290 672 1359 σύστασιν.
711 1293 766 1358 καί
786 1289 868 1368 ἄλλα
888 1300 948 1377 μὲν
961 1294 1000 1360 τά
1015 1299 1072 1381 τῆς
1098 1292 1217 1361 θαλάτ-

90 1416 180 1476 ιοτης
198 1390 268 1458 τινά
290 1388 439 1476 τυγχάνει
463 1392 598 1479 φοβερά.
651 1386 712 1476 οὔχ
732 1384 827 1477 ἧττον
848 1397 885 1461 δὲ
903 1397 960 1460 καί
974 1392 1129 1478 ,τρυγόνος
1148 1397 1217 1459 κέν·

130 1516 198 1575 τρον
214 1495 272 1576 τῆς
292 1495 487 1574 θαλαττίας,
509 1494 565 1557 καί
581 1490 697 1579 ταύτης
715 1498 837 1576 νευράς,
858 1492 914 1559 καί
932 1492 949 1560 ὅ
969 1492 1094 1579 λαγωάς
1113 1492 1131 1558 ά
1153 1499 1218 1560 θα·

131 1588 257 1665 λα’σσισς
277 1598 410 1674 ταχείαν
430 1590 487 1656 καί
512 1584 730 1677 άααραίτητον
750 1592 809 1677 τὴν
828 1594 959 1681 φθοράν
977 1597 1195 1681 ἐπιφέρονται.

208 1693 241 1755 Γ
237 1691 351 1755 ίνωσκι
377 1691 413 1756 δὲ
434 1684 485 1755 das
505 1689 590 1776 παρά
618 1700 686 1768 τοῖς
706 1690 837 1775 ἰχθύσιν
858 1696 1005 1777 λαγνείαν
1029 1688 1123 1759 εἶναι.
1165 1698 1248 1765 ard-c

135 1796 228 1875 φαλσς
242 1787 304 1875 γάρ
325 1792 428 1875 θῆλυς
444 1787 531 1874 τιαρά
550 1793 594 1879 aql
614 1793 748 1879 αι’γιαλρῖ
768 1792 957 1874 προσδεθείς
969 1802 1057 1859 ποιεί
1073 1794 1147 1873 τούς
1160 1787 1218 1879 dp-

96 1904 224 1973 ι5ρετας
250 1888 477 1974 τιελαγίζοντας
502 1886 688 1977 πλησιάζειν
724 1893 825 1957 ἐκεῖσε
859 1892 913 1957 καί
943 1886 1074 1982 οἷοντῇ
1105 1896 1220 1983 θηλείρ

135 1987 358 2075 περισκαίρτιν.
414 1986 432 2054 s‘
462 1987 549 2054 κάων
569 1987 668 2073 ἰχθυς
702 1990 795 2074 ἡνίκα
815 1988 928 2078 ψόφου
945 1988 1027 2067 τινὸς
1048 1992 1222 2077 αἴσθηται,

135 2088 170 2156 τά
190 2090 348 2157 σκυλάκια
372 2088 475 2153 adrat·
495 2086 583 2174 παρά
605 2092 649 2176 τῷ
677 2087 780 2177 οἰκοίην
800 2086 933 2172 κράατα
957 2090 1061 2180 κάλαιρ
1081 2092 1137 2156 καί
1158 2086 1222 2156 ud.

135 2195 183 2267 θις
205 2189 323 2272 ἐξάγει.
382 2183 442 2271 ὅρα
471 2190 507 2251 δὲ
534 2190 652 2275 σοφίαν
671 2190 727 2253 καί
753 2191 907 2273 πονηρίαν
925 2195 1043 2277 μικροῦ
1066 2190 1148 2270 §dev
1167 2193 1224 2257 καί

136 2290 301 2363 ἀσθενοῦς.
352 2282 371 2351 u‘
400 2285 545 2370 καρκίνος
574 2290 632 2371 τῆς
663 2288 783 2374 σαρκὸς
811 2290 968 2371 ἐσιθυμεῖ
991 2293 1051 2354 τοῦ
1078 2290 1222 2375 ὀστρέου.

94 2386 214 2454 τοίλλά
243 2385 299 2452 καὶ
331 2383 511 2462 δυσάλωτος
542 2385 563 2471 ἦ
595 2379 677 2469 άγρα
705 2388 792 2475 αὐτῷ
810 2385 865 2452 διά
899 2387 957 2472 τῆν
977 2388 1147 2474 περιβολὴν
1165 2391 1223 2455 rori

137 2484 289 2571 ὀστράκου
321 2487 474 2569 γίνιται··
514 2484 653 2570 υἷρραγεῑ
666 2484 726 2569 γάρ
749 2480 907 2574 ἓρκίιγτά
924 2486 1048 2553 άααλόν
1068 2492 1125 2572 τῆς
1145 2513 1225 2571 σαρ-

137 2584 192 2667 κάς
211 2584 232 2671 ἢ
251 2583 348 2673 φάσις
368 2588 642 2672 κατησφαλίσατο,
664 2582 715 2649 ost
738 2584 796 2651 καί
812 2582 1067 2675 ὀστρακόδερμον
1084 2586 1121 2655 τά
1143 2590 1224 2667 ζῶον

209 2766 248 2819 ι3.
267 2762 324 2839 ὅτι]
344 2764 413 2819 sul?

137 2944 216 2979 rausa
234 2924 376 2981 malaciuru
397 2940 508 2994 quoque
524 2941 540 2976 a
556 2924 676 2977 mollicie
693 2932 873 2996 nuncapatur.
892 2942 1010 2997 cumque
1028 2926 1118 2980 nudos
1136 2930 1225 2981 omnl-

137 3016 171 3051 no
182 3000 220 3049 sit
231 3006 261 3049 et
280 3015 296 3049 a
312 3012 341 3049 re
359 2994 436 3049 nulla
454 3003 570 3063 tegatur,
587 3012 643 3047 non
661 3004 732 3049 testa
741 3012 793 3048 nec
807 2999 881 3060 cute,
902 3005 1134 3066 tempestatemeo
1144 3001 1225 3053 citius

135 3068 337 3138 praesentiscit‚
363 3082 418 3137 quo
448 3064 558 3119 facilius
581 3066 715 3119 adficitur.
742 3068 839 3137 itaque
856 3067 1005 3129 subsultat,
1033 3085 1123 3139 eoque
1142 3080 1223 3138 pacto

136 3142 221 3209 frigus
239 3147 269 3191 et
284 3138 366 3190 maris
392 3138 421 3189 in
449 3136 505 3189 imo
523 3136 758 3206 perturbationem
779 3140 857 3191 vitat
882 3146 1047 3207 quapropter
1064 3147 1164 3192 nautae
1182 3144 1226 3210 pi·

136 3211 267 3263 sciculnm
293 3208 366 3262 lanne
388 3208 558 3260 innatantem
578 3209 646 3259 mari
672 3210 873 3278 conspicientes
889 3216 1079 3279 tempestatem
1097 3210 1226 3278 portendi

136 3282 361 3333 animadvertunt.
374 3277 488 3331 *iudom
514 3278 537 3331 si
566 3279 696 3347 polypum
728 3279 840 3333 videant
864 3296 930 3331 saxo
958 3278 1167 3343 adhaerescere,
1187 3282 1224 3333 de

135 3360 280 3405 ventorum
308 3358 384 3403 motu
433 3350 581 3417 menagium
608 3350 749 3421 colligunt
767 3368 830 3403 uam
847 3349 915 3403 dens
932 3349 1075 3403 facultates
1097 3350 1229 3422 quasdam

137 3424 228 3475 lutura
253 3366 436 3491 prospiciendi
456 3420 618 3473 animalibus
645 3421 680 3473 ad
696 3423 769 3473 vitae
793 3422 914 3491 ipsorum
934 3421 1167 3475 conservationem
1184 3424 1227 3474 in·

136 3496 213 3545 sevit
232 3501 297 3551 sunt
326 3492 409 3543 etiam
439 3491 512 3543 inter
529 3491 645 3543 marinas
676 3492 779 3545 bestias
800 3492 935 3563 quaedam
953 3492 1131 3556 metuendae,
1150 3510 1230 3563 prae·

136 3564 228 3617 sertim
256 3563 411 3635 pastinacae
436 3562 556 3614 marinae
583 3562 721 3627 stimulus,
753 3563 836 3615 etiam
859 3573 1002 3626 mortuae,
1019 3565 1091 3617 sicut
1106 3573 1136 3617 et
1150 3564 1228 3633 lepus

136 3636 256 3687 marinus
274 3634 390 3685 celerem
407 3631 511 3685 homini
531 3640 558 3685 et
573 3633 762 3685 inevitabilem
781 3634 921 3687 interitum
942 3634 1040 3687 adfert.

206 3706 352 3757 Praeterea
375 3684 495 3773 piscibus
517 3702 686 3757 salacitatem
714 3703 801 3757 tribui
819 3705 888 3757 scire
906 3704 998 3758 debes.
1017 3722 1081 3757 nam
1098 3702 1229 3774 cephalos

139 3774 241 3827 lemine
257 3776 345 3829 littori
358 3776 469 3843 alligata
487 3774 561 3836 lacit,
580 3781 612 3826 ut
623 3792 709 3828 mares
727 3784 881 3827 aestuantes
893 3792 926 3827 ee
943 3785 1042 3829 coeant
1054 3777 1229 3845 feminaeque
1288 3786 1292 3793 ·

139 3847 214 3899 velut
234 3846 383 3899 adsultent.
411 3845 485 3897 caais
511 3852 603 3897 autem
619 3848 740 3905 marinus
756 3848 782 3899 si
797 3848 941 3916 strepitum
958 3846 1094 3917 quendam
1112 3847 1228 3908 sentiat,

140 3917 252 3970 catellos
271 3934 335 3970 suos
353 3916 382 3968 in
400 3916 462 3967 sinu
481 3916 601 3969 occultat
617 3919 743 3986 proprio,
764 3934 796 3969 ac
812 3916 941 3987 deinceps
959 3934 1006 3969 eos
1023 3918 1140 3969 vicissim
1160 3916 1229 3969 edu·

140 3987 183 4039 cit.
203 3986 313 4057 adspice
338 3994 428 4039 autem
447 3984 534 4049 mihi,
561 4002 681 4057 quaeso,
699 3989 793 4057 pusilli
811 4006 842 4040 ac
861 3989 962 4041 debilis
979 3988 1102 4040 animalis
1119 3990 1227 4058 sapien-

140 4056 204 4109 tiana
224 4066 308 4129 atque
325 4058 477 4119 versutiam.
496 4073 591 4109 cancru
608 4060 691 4110 ostrei
711 4076 820 4111 carnem
838 4060 960 4130 appetit,
984 4058 1033 4111 sed
1048 4060 1108 4129 ipss
1128 4056 1228 4126 praeda

140 4128 222 4193 potiri
251 4135 364 4198 propter
393 4126 583 4180 indumentum
608 4137 694 4183 testae
717 4129 863 4183 difficulter
887 4136 992 4200 potest:
1020 4146 1083 4181 nam
1105 4136 1228 4179 teneram

141 4212 245 4253 carnem
265 4197 382 4267 quodam
402 4199 480 4269 quasi
497 4207 575 4270 septo
595 4208 692 4253 natura
712 4218 769 4255 non
786 4200 868 4255 facile
887 4198 1037 4269 frangenda
1053 4198 1170 4266 muniit;
1184 4196 1228 4251 id-
