3000 4859
261 265 363 402 ,57⁰
520 368 525 377 Ι
609 290 827 356 urcitanus
856 249 1019 352 etstan

277 443 504 534 όΝιιιηιμόρος
538 437 584 510 τόν
621 441 676 506 ναί
702 439 756 506 ini
784 445 931 506 securitas
962 439 999 505 τό
1024 436 1189 518 Ῥωμαίων
1220 435 1363 518 αιίξὴοιις

277 546 447 630 πράγματα
478 547 627 630 (κατέσχε
651 539 712 625 γὰρ
738 540 845 617 πόλεις
875 541 970 605 πλέον
995 541 1056 603 scis
1086 535 1112 621 ρ’
1135 540 1191 602 ναί
1220 533 1364 622 φροόρια

279 649 426 721 Κιλικίας
454 646 574 727 Συρίας
605 640 661 706 καί
680 643 847 723 moratura,
876 632 922 704 siv
945 641 1078 722 μέγιστα
1101 634 1158 700 aci
1180 631 1362 718 διιίαημαῆ

275 746 476 828 Ἀνόβαρζα,
499 741 672 826 ἧἈδδνα,
693 743 750 804 ναί
773 737 812 803 τό
836 737 932 803 loturi
956 737 976 821 ἢ
999 733 1156 817 Μόμιοτα
1178 735 1197 818 ἦ
1218 730 1363 798 ναίΜό-

278 863 345 926 ψοιν
366 838 457 908 ἑστία
478 845 649 924 λεγομένη,
685 838 706 923 ἧ
732 837 874 920 Ταροός,
899 835 935 902 τό
958 833 1096 920 Harpa,
1117 831 1152 900 τδ
1178 835 1336 917 Συνέφιον
1350 834 1393 912 ,5

278 940 316 1006 τό
338 940 467 1023 xristu,
495 936 515 1024 ἦ
537 942 736 1020 Λαοδίκεια,
760 935 850 1002 ἔθετό
872 959 906 1003 τε
930 933 1115 1022 όποφόροος
1144 931 1203 1017 τὴν
1224 933 1259 997 ὲν
1283 933 1363 994 Φοι-

279 1041 350 1128 νίκῃ
378 1065 411 1106 τε
442 1041 590 1124 Τρίπολιν
623 1039 677 1103 ναί
705 1039 763 1122 τὴν
790 1032 982 1120 Δαμασκόν)
1010 1036 1079 1098 ἀλλ’
1114 1027 1200 1113 ὅμως
1230 1026 1363 1112 μισητός

280 1139 375 1205 παντί
391 1136 552 1227 α’νθριόνιιρ
576 1141 703 1222 γέγονε,
738 1139 794 1200 καί
811 1135 922 1212 πάντες
944 1132 1001 1218 τὴν
1021 1133 1123 1196 adseri
1144 1125 1367 1214 καταστροφὴν

240 1287 251 1300 ,
281 1242 402 1321 &depos
422 1239 521 1304 ι’δέἴν·
562 1238 594 1303 εἰ
612 1236 674 1321 γὰρ
697 1239 753 1300 καί
774 1241 905 1300 πλεῖστα
927 1235 1105 1314 ἐπέλαμιιον
1125 1231 1213 1316 asiam*
1229 1223 1271 1292 τό
1286 1223 1363 1288 scii.

247 1346 392 1421 υλιστα,
412 1336 493 1402 ἀλλὰ
515 1337 571 1402 καί
588 1334 648 1401 driu
668 1333 746 1399 κακοὶ
768 1337 973 1398 νατεσπιλουν
992 1329 1098 1410 αὐτόν,
1118 1324 1192 1413 ἥτε
1211 1329 1267 1409 τῆς
1286 1327 1362 1389 Θεο-
1377 1347 1415 1390 ss

281 1441 403 1526 φανοῦς
424 1434 574 1518 όθίμιτος
593 1440 682 1517 μῖξις
695 1437 751 1500 καί
769 1433 804 1498 τὸ
826 1428 1162 1515 epigrammatica}
1182 1419 1363 1508 μικρολόγον

279 1541 337 1602 ιιαί
354 1536 555 1622 α’φιλότιμον.
597 1532 690 1615 λιμός
709 1531 767 1597 καί
784 1529 845 1616 γὰρ
866 1529 924 1616 τήν
944 1529 1034 1594 πόλιν
1055 1529 1188 1608 κατέσχε
1211 1525 1302 1603 ποτέ,
1320 1520 1363 1599 οδς

207 1689 212 1696 .
280 1637 336 1701 ἕνα
359 1640 509 1717 μέδιμνον
529 1635 656 1720 χρυσέῳ
677 1636 856 1698 πωλεῖσθαι
877 1630 1058 1712 νομίσματι.
1099 1621 1255 1708 μανθάνει
1273 1623 1362 1688 τοῦτο

281 1737 416 1816 Φακᾶς,
445 1723 500 1798 ναί
532 1735 753 1815 μινροπρενιῶς
781 1729 817 1794 τὸ
841 1730 945 1806 πόθος
967 1730 1076 1796 iaicas·
1133 1723 1190 1801 τὰς
1210 1720 1362 1806 δημοσίας

280 1837 336 1898 ναί
353 1833 416 1916 γὰρ
435 1829 605 1916 σιτοθὴιιας
626 1831 755 1908 α’νοίξας
772 1831 829 1894 δύο
857 1829 1029 1911 μεδίμνους
1049 1829 1093 1914 τῷ
1113 1830 1281 1908 νομίσματι
1296 1846 1360 1886 ποο-
1374 1821 1409 1886 15

281 1937 407 1997 λεῖοθαι
430 1933 602 2008 ἐκέλευσεν,
625 1933 666 1994 ου’
681 1929 733 1995 τόν
756 1926 928 1994 Μακεδόνα
950 1931 1117 1994 Βασίλειον
1135 1930 1169 1992 ἐν
1188 1922 1289 2013 sudem
1308 1947 1363 2004 μι.

281 2031 483 2116 apodasmo·
532 2019 623 2103 οὗτος
647 2029 711 2112 γὰρ
745 2026 821 2103 τούς
843 2028 1036 2105 Βυζαντίους
1054 2028 1247 2098 πενθοῦντος
1270 2019 1364 2100 ideis,

282 2129 339 2194 ταί
355 2127 471 2211 μαθών
503 2129 547 2204 οδς
578 2127 709 2209 δλιμός
736 2125 838 2204 αἴτιος
860 2127 917 2190 τοῦ
937 2131 1063 2192 πενθεῖν
1083 2121 1220 2204 ου’τοδς,
1242 2117 1362 2185 διόδετιι

281 2229 453 2310 μεδίμνους
479 2227 601 2292 νελεόει
631 2231 808 2291 πωλεῖσθαι
836 2227 878 2312 τῷ
900 2227 1079 2307 νομίσματι.
1130 2221 1211 2288 silici
1233 2220 1289 2286 καί
1306 2221 1362 2286 rai

183 2329 437 2409 Mopssscosle’mc
466 2328 566 2392 Φαιιῖ
599 2329 666 2390 κατ’
690 2327 790 2390 ἐκεῖνο
812 2323 852 2410 δή
873 2328 984 2408 sulpuri
1005 2321 1185 2402 ἐξελθόντος
1203 2319 1288 2388 data
1307 2340 1410 2407 prs-ao

279 2425 402 2508 μνόσαι
431 2424 488 2491 τόν
519 2422 671 2508 στρατόν,
699 2423 773 2490 ι’νιεί
792 2445 839 2500 τις
870 2418 949 2508 ἦλθε
977 2424 1085 2499 πολιός
1108 2422 1167 2507 τὴν
1193 2425 1289 2508 τρίχα
1308 2425 1363 2488 καί

281 2525 427 2608 irrepta>
446 2527 724 2610 συναριθμηθῆναι
742 2531 807 2602 τοῖς
828 2525 1045 2609 στρατιώταις,
1066 2527 1147 2610 φησί
1162 2521 1241 2609 πρὸς
1263 2522 1360 2589 ον’τόν

280 2841 381 2913 pboms
398 2857 430 2891 sc
456 2847 597 2910 tantopere
616 2856 672 2893 rem
691 2843 835 2897 Romanam
858 2841 992 2902 auxisset,
1010 2840 1147 2910 occupatis
1166 2838 1282 2910 amplius
1298 2857 1361 2892 crn-

281 2922 339 2965 tum
353 2910 463 2963 urbibus
482 2919 510 2963 et
524 2913 605 2964 variis
624 2913 736 2964 Ciliciae
754 2913 846 2980 Syriae
862 2912 1062 2982 Phoenicesque
1091 2911 1222 2974 castellis,
1246 2927 1360 2980 quorum

281 2991 359 3034 erant
376 2983 491 3032 maxima
518 2991 547 3034 et
566 2985 663 3035 ceteris
694 2983 841 3036 illustriora
870 2982 1021 3044 Anthana,
1047 2980 1156 3044 Adana,
1176 2981 1316 3045 Mamiata,
1333 2991 1361 3034 et

279 3067 352 3123 quae
369 3052 458 3121 Mopsi
474 3052 554 3104 Vesta
571 3062 754 3124 nuncupatur,
772 3055 883 3113 Tarsam,
901 3053 998 3122 Pagra,
1017 3051 1195 3121 Synephirrm,
1216 3051 1361 3124 Chalepus,

269 3119 427 3188 hodiem,
457 3123 524 3175 licet
545 3125 610 3175 item
638 3125 794 3176 tributarios
822 3124 930 3175 fecisset
956 3125 985 3174 in
1004 3122 1139 3174 Phoenice
1157 3123 1308 3194 Tripolim,
1334 3125 1362 3175 ia

280 3195 356 3260 Syria
372 3193 547 3258 Damascum,
571 3194 745 3247 nibilominus
770 3195 900 3246 universis
925 3191 1083 3245 mortalibus
1102 3195 1202 3246 invisus
1222 3202 1298 3258 erat,
1316 3195 1363 3264 qui

280 3264 390 3333 quidem
410 3265 524 3316 exitium
541 3266 625 3334 ipsius
643 3265 756 3317 videndi
776 3266 857 3334 longe
876 3265 1039 3334 cupidissimi
1060 3273 1142 3316 erant.
1164 3265 1273 3316 taruatsi
1292 3267 1365 3316 enim

279 3336 395 3404 plurima
415 3337 444 3386 in
464 3353 497 3387 co
513 3337 599 3388 multo
617 3335 827 3406 praeclarissima
845 3335 1002 3398 elucebant,
1026 3335 1079 3386 duo
1100 3344 1191 3387 tamen
1206 3344 1284 3388 eraut
1298 3337 1365 3388 vitia

280 3407 468 3474 potissimum,
485 3423 555 3476 quas
573 3409 659 3475 ipsius
676 3407 763 3458 lamae
789 3406 877 3457 labem
896 3415 1087 3475 aspergerent,
1105 3407 1230 3458 nimirum
1250 3423 1367 3458 consue-

280 3477 348 3528 tudo
368 3476 488 3527 nefanda
505 3475 610 3545 iegibus
630 3480 715 3530 vetita
735 3493 796 3529 cum
814 3476 1028 3548 Theophanone,
1045 3493 1076 3527 ac
1093 3475 1184 3528 sordes
1201 3493 1265 3546 erga
1284 3495 1366 3547 quos-

280 3549 322 3598 vis
350 3546 486 3617 foedaque
515 3548 654 3600 tenacitas.
686 3549 786 3600 accidit
814 3546 980 3616 aliquando,
1007 3555 1082 3598 tanta
1101 3556 1132 3599 ut
1155 3547 1184 3598 iu
1201 3548 1270 3598 urbe
1296 3548 1366 3602 soret

281 3633 406 3669 annonae
426 3619 536 3682 caritas,
563 3627 595 3671 ut
613 3635 694 3672 aureo
711 3635 794 3672 numo
818 3618 969 3670 medimnus
986 3634 1055 3669 unus
1073 3620 1185 3670 veniret.
1206 3635 1239 3669 eo
1258 3621 1366 3686 cognitu

280 3688 383 3740 Phocus
410 3691 544 3740 miseriam
568 3687 704 3757 publicam
734 3689 863 3740 illiberali
892 3705 923 3740 ac
948 3687 1057 3740 sordido
1091 3687 1211 3740 remedio
1229 3690 1365 3742 sublevat:

282 3761 382 3828 apertis
402 3761 474 3811 enim
492 3758 612 3828 publicis
629 3760 732 3811 horreis
750 3759 905 3811 medimnos
923 3757 989 3811 duos
1009 3777 1062 3811 sino
1082 3759 1163 3810 vendi
1179 3776 1262 3810 aureo
1283 3777 1365 3815 numo

281 3831 376 3894 iussit;
397 3845 449 3900 qua
469 3829 580 3899 quidem
597 3831 627 3880 in
655 3847 682 3882 re
701 3831 878 3882 Macedonem
902 3830 979 3881 iilum
996 3830 1123 3882 basilium
1141 3847 1197 3882 non
1215 3839 1258 3882 est
1275 3831 1365 3882 imita-

281 3909 335 3953 tus.
351 3918 415 3951 nam
433 3917 493 3951 csrm
512 3901 534 3951 is
554 3900 625 3950 cives
643 3901 785 3967 Byzantios
804 3901 896 3969 lugere
914 3910 1054 3962 cerneret,
1074 3901 1209 3969 simulque
1228 3900 1365 3952 didicisset

281 3970 340 4021 eius
357 3972 483 4022 tristitiae
500 3986 607 4021 causam
625 3987 683 4020 esse
702 3971 843 4040 penuriam
863 3987 1004 4034 annonae,
1023 3987 1078 4022 uno
1097 3971 1178 4023 vendi
1195 3987 1277 4023 aureo
1298 3972 1366 4022 duu-

282 4041 368 4091 decim
383 4041 532 4092 medimnos
548 4043 695 4110 praecepit
712 4043 862 4112 quinetiam
883 4043 975 4093 evenit
993 4049 1023 4092 ut
1040 4059 1099 4093 cum
1117 4058 1149 4092 eo
1161 4043 1220 4112 ipio
1237 4044 1365 4112 penuriae

281 4121 403 4179 tempore
420 4111 522 4161 Phocas
546 4112 691 4181 imperator
708 4113 856 4181 aliquando
876 4113 995 4164 militum
1013 4111 1222 4178 eser-censimum
1241 4129 1320 4163 causa
1337 4113 1366 4163 in

283 4196 406 4250 campum
424 4197 577 4250 progressus
595 4191 685 4244 esset,
702 4201 769 4235 csno
791 4182 913 4246 cuidam,
932 4186 979 4254 qui
997 4184 1068 4235 inter
1085 4184 1185 4236 milites
1204 4182 1320 4236 adscribi
1336 4197 1364 4234 se
