3000 4859
296 316 352 417 54
627 338 846 405 urcuaaus
875 335 1042 403 carcaa

292 498 442 581 γενέσεως
454 490 554 575 λόγος.
574 490 710 580 ου’δεμιή
729 488 790 574 γάρ
816 488 935 579 ἀνάγκη
955 486 994 555 τά
1006 490 1086 553 καθ’
1101 484 1188 570 ἡμεῖς
1206 482 1384 568 ἀπόκειται,

291 596 454 679 τετίμηται
485 592 521 657 δέ
548 591 669 672 μάλλον
689 590 905 675 προαιρέσεως
923 589 1092 673 έλευδερέρι
1112 582 1169 677 aui
1182 584 1386 660 αάτεξουσιά·

291 715 374 779 τητι.
417 690 449 755 εἰ
466 687 527 773 γάρ
549 686 594 773 μή
615 686 821 769 μάτεξοάοιος
840 686 858 752 δ
880 683 1067 772 ἅνθρωπος,
1088 684 1165 749 cciii
1185 687 1254 748 κατ’
1275 680 1383 750 εέκάνα

290 790 370 857 θεοῦ
389 789 540 874 παρήχθη
561 785 687 854 λοιπόν·
728 792 795 865 πῶς
813 790 871 853 καί
892 787 954 871 γάρ
973 784 1067 853 εἰκών
1087 780 1128 851 άν
1146 782 1195 870 εἴη
1213 787 1269 868 τῆς
1287 786 1386 866 βασι-

291 890 446 974 λευοάσης
456 889 591 975 φάσεως,
610 892 679 953 κατ’
698 888 800 953 έκεῖνο
823 884 858 953 τά
875 890 972 971 μέρος
991 883 1161 970 ἀνισότητα
1181 885 1289 972 φέρων
1300 879 1414 966 πρδςς

235 1054 240 1095 Ι
288 988 323 1056 si
346 988 545 1076 άρχέτυπονς
577 984 692 1073 ἔπρεπε
728 985 788 1072 γάρ
825 986 862 1053 τά
894 984 949 1052 διά
983 982 1109 1051 πάντων
1137 983 1215 1071 πρὸς
1233 981 1269 1049 τά
1291 986 1384 1047 θεῖον

291 1090 519 1171 τάμοιωμέυον,
541 1084 584 1163 uic
602 1084 621 1152 ά
642 1084 776 1171 Νάσοης
796 1085 893 1174 φησί,
923 1087 958 1151 έν
978 1086 1017 1173 τῇ
1038 1081 1136 1172 φάσει
1154 1086 1325 1168 κεκτῆσθαι
1340 1078 1380 1147 τά

263 1188 479 1273 οαάτοκροιτές
499 1188 555 1252 κατ’
571 1189 755 1253 ἀδέσποτον.
805 1188 961 1252 δέδεικται
981 1176 1039 1251 οάν
1058 1188 1094 1251 ie
1113 1188 1236 1249 πολλάν
1256 1178 1308 1247 in
1324 1204 1383 1265 γε.

289 1290 406 1362 κε’σειος
423 1287 543 1376 ἀνάγκη
565 1284 647 1353 κατὰ
668 1284 727 1371 τήν
755 1286 819 1352 τάν
838 1283 992 1351 πλειόνων
1009 1282 1172 1371 ἀπόληψιν
1193 1285 1235 1346 ου’
1253 1283 1384 1365 δεδέμε·

289 1392 358 1453 θα·
399 1388 437 1453 οὐ
462 1384 523 1473 γάρ
549 1388 638 1453 τοῦτο
658 1377 714 1469 ήν,
743 1386 776 1451 εἶ
791 1384 836 1471 μή
858 1374 939 1451 κατά
967 1384 1097 1471 γνιάμην
1119 1385 1195 1470 ήμῖν
1215 1382 1256 1449 τά
1278 1406 1382 1469 πρατ·
1395 1408 1440 1453 ιο

288 1486 407 1569 τάμενα
434 1485 627 1571 πράττεταις
663 1489 733 1549 κατ’
754 1486 849 1551 οάδὲν
866 1477 907 1551 cir
924 1484 1016 1570 ἡμεῖς
1035 1484 1065 1549 οἱ
1085 1480 1166 1572 λάγηι
1183 1485 1383 1568 τετιμημένοι

288 1589 352 1653 τῶν
373 1582 492 1667 ἀλόγων
515 1579 605 1663 ζάων
625 1583 869 1669 διενηνόχαμεν·
918 1589 983 1651 τοῖν
1001 1581 1064 1669 γάρ
1081 1578 1234 1650 τοιούτων
1255 1584 1325 1649 ἐστὶ
1344 1581 1382 1648 rai

290 1684 444 1773 ἀλλοτρίῳ
463 1680 644 1768 βουλήματι
664 1684 745 1770 πρὸς
764 1683 799 1750 τά
830 1686 944 1750 δοκοῦν
963 1682 1183 1769 περιάγεσθαι.
1225 1678 1245 1769 ἦ
1270 1684 1308 1747 δέ
1327 1688 1383 1747 λο-

289 1781 360 1869 γική
381 1808 416 1848 τε
446 1782 501 1847 κατ’
521 1780 614 1865 νοερά
635 1782 752 1869 φάσις,
788 1782 847 1850 έάν
865 1782 900 1849 τά
936 1789 1005 1850 κατ’
1035 1786 1181 1861 ἐξουσίαν
1200 1781 1359 1869 ἀπόθηται
1371 1832 1383 1866 ,

290 1886 346 1949 καί
368 1881 426 1967 τήν
444 1881 542 1966 χάριν
561 1886 619 1946 τοῦ
633 1886 748 1965 νοεροά
768 1883 1009 1949 συναπώλεσεν·
1031 1884 1078 1960 εἰς
1091 1886 1128 1949 τι’
1143 1887 1199 1948 καί
1216 1882 1277 1968 γάρ
1299 1880 1384 1967 χρή·
1397 1894 1437 1956 15

289 2006 379 2048 σεται
401 1984 441 2069 τῇ
452 1983 585 2072 διανοίᾳ,
604 1985 646 2070 τῇ
662 1984 716 2065 τῆς
737 1978 928 2068 εἱμαρμένης
948 1983 1067 2070 ἀνάγκη
1092 1985 1301 2067 περιαγομένη
1321 1981 1385 2045 κά.

290 2086 397 2147 κεῖθεν
429 2084 484 2148 ἐπὶ
510 2079 550 2147 τά
582 2082 723 2167 πρακτέα
744 2085 997 2167 παρωθουμενης
1016 2084 1190 2147 καὶταῦτα
1209 2084 1269 2164 μέν
1289 2079 1328 2167 δή
1349 2085 1386 2159 ές

289 2183 451 2249 τοσοῦτον.

372 2279 419 2347 >isi
441 2283 493 2365 δέ,
509 2282 669 2368 ἀγαπητά,
696 2278 731 2347 εἴ
745 2302 808 2347 που
828 2282 885 2347 και·
911 2285 1031 2371 βρέφος
1051 2273 1128 2365 ὄψει
1149 2285 1228 2348 ποτὲ
1248 2305 1385 2349 σεσινω-

257 2400 281 2457 ι)
288 2384 382 2467 μένον
404 2384 550 2447 ἐκπῖπτον
571 2385 626 2467 τῆς
644 2382 781 2469 μήτρας,
800 2384 832 2449 εδ
848 2378 931 2471 τάχη
960 2384 1132 2468 δικέφαλον
1155 2375 1177 2467 ἢ
1195 2382 1382 2468 τετράπουν,
1391 2406 1437 2450 ac

289 2481 332 2557 οἷς
356 2482 410 2547 έπδ
423 2483 611 2565 Μαυρικάου
623 2484 792 2564 βασιλέως,
812 2479 858 2567 μή
881 2478 1042 2567 σχήμασιν
1061 2482 1203 2568 ἀστέρων
1223 2482 1282 2546 οάκ
1301 2481 1382 2566 άγα-

288 2583 360 2655 aare
380 2576 421 2645 τά
447 2581 582 2645 τοιαῦτα
603 2576 852 2647 διαπλάττεσθαι
879 2581 1010 2663 νόμιζε,
1030 2578 1177 2669 καθάπερ
1199 2580 1286 2660 ἔδοξέ
1304 2606 1383 2651 ποτε

292 2866 389 2919 oratio.
407 2880 462 2917 non
483 2864 555 2915 enim
574 2863 698 2917 homines
716 2863 769 2916 alli
785 2864 944 2918 necessitati
961 2864 1076 2918 subiecti
1094 2880 1202 2931 sumus,
1219 2866 1268 2919 sed
1286 2867 1382 2937 potins

292 2935 434 2988 electionis
451 2932 579 2987 libertate
597 2952 629 2987 ac
645 2936 796 2989 voluntatis
813 2935 926 2988 arbitrie
948 2936 1079 2989 divinitus
1095 2938 1192 2989 ornati.
1210 2954 1272 2989 narn
1289 2940 1383 2991 sinon

292 3014 334 3059 est
360 3022 423 3057 auae
455 3006 558 3075 spontis
587 3016 670 3076 atquc
694 3007 761 3059 iuris
787 3005 885 3073 humo,
911 3014 997 3060 restat
1016 3024 1079 3059 cum
1094 3024 1131 3059 ne
1152 3006 1187 3060 ad
1203 3008 1250 3059 dei
1269 3009 1385 3078 quidem

291 3076 440 3144 imaginem
473 3084 593 3129 creatum
617 3093 684 3129 esee.
705 3094 760 3148 quo
785 3078 858 3129 eninr
873 3085 955 3149 pacto
982 3078 1156 3130 simulacrum
1173 3088 1287 3131 naturae
1306 3080 1385 3133 illius

181 3152 188 3165 '
291 3146 469 3215 imperatricis
498 3163 555 3199 esee
582 3149 686 3218 poerit,
712 3149 736 3199 ai
760 3147 812 3200 hac
838 3149 869 3203 in
893 3156 971 3219 parte
996 3148 1133 3234 discrepet
1159 3148 1195 3200 ab
1233 3151 1386 3219 exemplari

291 3216 435 3287 principe?
457 3219 559 3289 quippe
576 3216 757 3272 conveniebat
771 3227 855 3290 atquc
875 3236 925 3289 par
947 3228 1019 3285 erat,
1035 3228 1069 3272 ut
1084 3218 1115 3271 sd
1151 3218 1208 3271 uod
1225 3236 1275 3293 per
1292 3222 1386 3273 omnia

292 3288 489 3340 conformatum
507 3288 542 3343 ad
562 3288 770 3343 similitudinem
786 3292 906 3343 numinis
924 3300 1011 3355 esset,
1037 3307 1134 3361 quemn
1181 3290 1264 3343 udum
1281 3292 1387 3358 Npsse-

292 3374 344 3409 nus
362 3360 473 3411 antistes
491 3360 547 3423 nit,
565 3360 594 3410 in
611 3370 708 3412 natura
726 3378 774 3413 sua
791 3370 955 3432 potestatem
974 3362 1072 3431 agendi
1082 3360 1213 3413 arbitratu
1231 3380 1281 3414 suo
1297 3360 1388 3415 lrabe-

290 3436 336 3480 ret
352 3428 520 3500 imperioque
540 3430 656 3483 neminie
674 3440 789 3501 pareret
816 3434 912 3503 itaque
929 3432 1022 3485 multis
1039 3432 1183 3500 probatura
1201 3434 1313 3485 minime
1333 3450 1387 3486 nos

294 3498 409 3551 alicuius
427 3500 550 3555 natalicii
581 3500 694 3564 sideria,
718 3519 788 3573 quae
818 3504 997 3572 complurium
1023 3511 1066 3555 cat
1088 3503 1200 3572 opinio,
1220 3504 1387 3556 necessitate

294 3570 382 3637 ligari.
400 3586 464 3621 nam
477 3572 634 3641 caeteroqui
652 3573 728 3624 nulla
744 3590 773 3625 re
783 3592 833 3627 nos
846 3575 949 3625 ratione
970 3573 1093 3625 orantia
1111 3573 1199 3626 brutia
1217 3574 1386 3627 animalibus

295 3640 480 3705 differremus,
510 3658 624 3711 querum
651 3650 693 3695 eat
717 3642 852 3697 arbitratu
876 3644 980 3707 alieno,
1007 3659 1062 3712 quo
1079 3645 1165 3697 vnum
1184 3644 1264 3697 alteri
1283 3644 1386 3709 luerit,

295 3710 371 3775 duci,
390 3728 450 3763 cusu
475 3712 588 3764 rationis
606 3722 690 3783 atquc
721 3716 821 3767 mentia
838 3715 974 3786 particeps
992 3722 1104 3781 natura,
1122 3717 1146 3767 si
1161 3716 1319 3768 libertatem
1334 3732 1388 3767 ro-

294 3782 409 3835 luntatis
426 3781 545 3845 emittat,
562 3783 644 3835 ctiam
661 3782 796 3853 beneficio
815 3785 953 3838 facultatis
970 3785 1149 3854 intelligentia
1163 3787 1303 3855 spolietur.
1321 3787 1388 3855 quis

294 3853 369 3903 enim
394 3854 491 3904 urentia
521 3869 584 3904 usus
613 3854 638 3905 ei
665 3854 761 3920 luerit,
780 3856 836 3907 sia
856 3856 906 3908 lati
927 3857 1089 3909 necessitate
1110 3857 1236 3920 ducatur,
1257 3854 1334 3907 etab
1353 3872 1389 3909 ea

295 3923 372 3991 quasi
395 3922 572 3992 protruditur
586 3931 615 3976 et
630 3924 788 3996 impellatur
805 3924 841 3977 sd
860 3926 1003 3981 actiones?
1028 3926 1111 3979 aede
1129 3926 1171 3980 his
1191 3927 1302 3997 quidem
1318 3926 1388 3979 lasc-

294 4000 382 4046 tenus.

364 4062 503 4129 Tuvero,
528 4062 628 4118 dilecte
657 4062 714 4129 iili,
733 4066 758 4118 si
778 4064 889 4137 quande
917 4067 1020 4121 viderie
1045 4068 1176 4121 infantem
1198 4066 1326 4120 vitiatum
1351 4083 1390 4120 ex

296 4132 356 4185 alvo
374 4134 467 4187 matris
487 4134 580 4203 egredi
598 4136 645 4209 qui
666 4135 710 4189 rel
730 4134 825 4207 biceps
847 4137 893 4191 vel
911 4138 1065 4209 quadrupes
1085 4140 1137 4201 sit,
1157 4136 1388 4209 quemadmodum

294 4203 426 4259 Mauricio
457 4206 608 4279 imperante
631 4206 748 4275 accidit,
778 4208 837 4262 noli
857 4210 1010 4264 existimare
1028 4225 1085 4263 non
1102 4208 1182 4263 bonis
1199 4207 1319 4262 siderum
1335 4208 1388 4262 sd-
