3000 4859
222 402 232 417 ·
288 328 364 385 ιοο
622 319 838 387 uteutttls
868 317 1030 386 GLthE

278 476 436 560 μεγέθους
455 469 574 552 ένεκεν,
593 471 649 536 καί
668 471 727 536 τύν
745 474 831 552 μῦν,
855 463 905 534 ὅτι
926 463 1065 555 φοβερός
1084 467 1151 532 έστι
1169 469 1214 554 τῷ
1234 467 1373 554 έλέφαν.

261 602 334 658 τι,
358 569 464 659 ὥσπερ
496 569 536 654 δη
556 572 613 635 καί
630 567 667 634 τύ
694 567 886 634 λεπτότατον
910 561 1031 650 ἄγαμαι
1047 567 1106 632 τοῦ
1125 568 1278 648 σκορπίου
1302 568 1374 632 κέν-

278 698 355 759 τρσν
375 673 442 747 πούς
478 672 639 735 έκσιλανεν
659 664 767 755 άσπερ
799 669 899 734 αύλύν
923 666 939 733 o‘
963 669 1124 750 τέχνίτηςν
1149 662 1229 730 ὥστε
1248 669 1290 730 δι’
1311 667 1374 732 αύ-

278 777 336 842 τσῦ
353 766 408 837 τάν
429 769 479 835 ίὸν
499 778 566 844 τοῖς
586 774 757 855 προσθεῖσιν
780 769 935 834 ένίεσθαι.
985 764 1144 831 άλλάικαί
1163 762 1219 829 τόν
1236 766 1375 851 ἐλέφαν-

279 900 320 942 τα
338 870 384 957 μη
415 867 568 956 πρότερον
596 869 698 934 πίνειν
719 871 881 951 λέγουσιν,
902 865 960 932 ἐάν
979 865 1023 950 μή
1046 865 1174 953 θολούση
1193 868 1234 953 τῇ
1257 875 1404 950 αρσια-5

278 978 359 1061 μαίηι
391 968 430 1036 τά
465 970 602 1050 νάματα.
654 973 737 1042 τίνος
770 970 895 1050 ἓνεκενη
926 963 977 1032 ὅτι
1003 963 1258 1049 μορμολύττεται
1278 965 1373 1032 σκιάν

279 1075 396 1158 ἐλέφας
417 1071 452 1134 έν
471 1065 567 1132 siden
585 1067 643 1150 την
672 1062 790 1132 ἑαυτοῦ
807 1065 976 1147 θεώμενος.
1022 1064 1071 1129 tro*
1093 1067 1149 1130 καί
1167 1064 1242 1140 τούς
1255 1063 1375 1142 Ἰνδούς

278 1175 440 1254 ἐπιτηρεῖν
469 1169 621 1250 άσέληνσν
655 1163 754 1232 νύκτα
786 1165 900 1252 φασίν,
942 1164 1074 1250 ὁπηνίκα
1096 1162 1375 1247 ύιαπσρθμεύσυσι

278 1270 368 1334 τουτί
389 1267 581 1333 δι’νύδάτοσν
600 1264 635 1330 τά
659 1267 753 1344 ζῶον.
796 1265 852 1330 καί
869 1264 986 1330 τούτου
999 1265 1098 1348 χάριν
1113 1263 1314 1328 ’ύπσθσλούσι
1334 1267 1376 1350 τῇ

242 1369 457 1454 ῃσρσνσμαίηι
475 1363 515 1430 τά
540 1361 667 1446 νάματα
689 1365 840 1439 πίνοντες.
866 1359 914 1426 ἔτι
934 1361 990 1427 καί
1011 1367 1104 1428 τοῦτο
1124 1361 1271 1446 πρόσεστι
1292 1365 1376 1426 θαυ·
1390 1383 1431 1424 ιο

275 1465 394 1549 μαστὸν
414 1473 481 1540 τοῖς
500 1466 644 1549 ἐλέφασι.
686 1461 742 1528 τάν
762 1459 823 1547 γάρ
843 1456 943 1528 Ἰνολύν
962 1459 1105 1543 πσταμάν
1125 1459 1209 1528 ἔστιν
1229 1455 1283 1526 ύτε
1303 1463 1378 1526 ιλια-

190 1583 262 1651 var
277 1561 504 1649 περαιούμενοι
538 1564 599 1645 ούχ
621 1560 729 1638 άπλοῖς
750 1559 808 1626 κοιί
828 1558 872 1638 uic
891 1558 988 1644 ἔτυχε
1008 1559 1066 1646 την
1084 1563 1186 1626 ἐκεῖσε
1208 1563 1378 1626 πσιούνται

276 1664 443 1746 διάβασιν,
464 1661 536 1726 ἄλλ’
555 1659 780 1746 ὁμικρύτατσς
799 1655 928 1726 πάντων
949 1663 1005 1746 τῆς
1026 1660 1230 1744 περαιάσεσνς
1252 1660 1378 1745 πρῶτος

276 1763 470 1845 άπάρχεται,
491 1758 572 1843 μετά
595 1759 737 1826 τσύτσνύ
758 1761 876 1842 μείζων
896 1758 1005 1842 αύτού,
1027 1757 1136 1826 ἔπειτα
1155 1759 1211 1824 καί
1230 1758 1248 1822 o‘
1267 1761 1375 1844 άμφσ-

274 1864 375 1945 τέρονν
403 1862 560 1926 ἐπέκεινα.
625 1858 681 1924 καί
709 1862 845 1944 καθεξῆς
878 1855 1032 1936 αἳσιιύτσσς
1065 1863 1105 1948 τῇ
1133 1858 1264 1946 τοιαύτῃ
1283 1855 1374 1939 τάξει
1389 1867 1428 1942 ps

273 1957 436 2045 χρύμενσι
469 1958 526 2026 τάν
554 1957 698 2039 ποταμὸν
723 1957 896 2036 άκισλύτσνς
923 1959 1113 2042 διέρχονται.
1168 1957 1228 2024 έάν
1256 1956 1319 2042 γάρ
1344 1956 1376 2024 oi

273 2059 405 2141 μείζους
436 2063 495 2143 τῆς
521 2060 651 2144 πορείαις
674 2056 876 2142 ἀπήρχοντο,
903 2054 989 2139 τάχα
1010 2051 1052 2122 άν
1072 2060 1113 2144 τῇ
1129 2059 1289 2142 βαθύτητι
1309 2058 1376 2124 τοῦν

274 2160 382 2224 πσιλάν
410 2155 554 2244 βόθρους
573 2160 624 2222 ἐπ’
659 2160 760 2242 αάτῆς
779 2161 836 2241 τῆς
856 2155 944 2232 ι’λύσς
962 2153 1169 2239 ἐργαζόμενοι
1189 2151 1377 2240 προσύεύεον

274 2256 380 2322 σύκέτι
401 2258 606 2342 σννεχύρσυν
626 2250 707 2332 τούς
721 2253 758 2321 τά
776 2259 870 2336 σῶμα
885 2257 1097 2338 σμικρότατον
1111 2259 1273 2342 φέροντας,
1288 2259 1374 2337 μάλ·

273 2361 327 2421 λον
349 2358 409 2437 μέν
428 2349 488 2420 σύν
508 2357 627 2442 καὶτῷ
646 2359 706 2422 rosi
727 2357 872 2436 ποταμοῦ
893 2359 1025 2434 τέλματι
1044 2357 1278 2439 κατηνάγκαζον
1296 2354 1428 2432 rodeno

272 2452 436 2531 τοιούτους
456 2456 699 2538 άπσπνιμεσθαι.
741 2453 778 2519 τά
803 2457 838 2518 δὲ
858 2453 916 2520 τύν
935 2455 1095 2540 ἐλέφαντα
1114 2451 1158 2538 μη
1181 2447 1284 2530 άλλοσς
1305 2471 1374 2529 ποσς

273 2557 319 2630 εἰς
345 2550 552 2633 συνύσασμύν
571 2551 741 2637 ἔρχεσθαι,
766 2551 851 2617 καθά
877 2576 976 2640 φασιν
1002 2549 1031 2617 οἱ
1061 2551 1137 2634 περί
1161 2533 1199 2618 τά
1235 2555 1373 2618 τοιαῦτα

200 2655 396 2736 ρ,53δεινσί,
418 2655 451 2717 εἰ
475 2649 521 2735 μη
543 2654 602 2716 τοῦ
624 2652 851 2739 μανδραγόρου
871 2651 1037 2736 ,adanam
1059 2649 1152 2740 (σύύὲ
1172 2650 1234 2739 γάρ
1255 2654 1372 2718 ἐπιθυ·

352 2855 375 2894 r.
392 2836 452 2910 sui]
468 2830 507 2904 si?

274 3009 408 3082 phantom
428 3007 465 3060 ob
490 3009 548 3060 eins
574 3009 789 3081 magnitudinem
812 3008 931 3062 admiror
956 3025 1036 3080 quam
1055 3026 1157 3062 murem
1175 3026 1208 3061 ex
1227 3025 1278 3072 eo,
1296 3009 1372 3080 quod

274 3081 372 3133 terrori
389 3080 426 3132 sit
442 3077 614 3150 elephanto?
632 3079 865 3153 quemadmodum
885 3090 912 3132 et
930 3081 1140 3132 minutissimum
1158 3081 1257 3149 scorpii
1272 3081 1371 3132 stimu-

275 3151 332 3206 tum
350 3150 440 3202 mirari
460 3151 552 3214 soleo,
572 3167 628 3222 quo
645 3153 751 3204 seilicet
767 3161 847 3222 pacto
870 3167 958 3203 rerum
977 3153 1075 3203 artifex
1093 3168 1155 3204 eum
1171 3152 1372 3204 exentereverit

276 3222 362 3272 instar
378 3221 517 3274 cuiusdam
529 3222 634 3286 tibiae,
651 3231 683 3276 ut
697 3239 747 3293 per
770 3225 858 3292 ipsum
874 3223 1024 3275 vulneratis
1041 3223 1113 3275 virus
1133 3223 1289 3274 immittitur.
1306 3238 1372 3291 per-

275 3291 373 3344 hibent
384 3293 452 3344 item
467 3311 522 3346 non
531 3294 606 3363 prius
617 3293 794 3364 elephantum
803 3293 900 3346 bibere
912 3311 992 3364 quarn
1006 3310 1089 3363 aquas
1100 3291 1261 3362 proboscide
1274 3291 1372 3344 turbe-

275 3363 353 3416 verit.
372 3364 547 3433 quamobrem
559 3364 648 3416 istuc?
666 3366 824 3436 quianam
846 3365 930 3434 ipsius
943 3364 1066 3416 umbram
1080 3365 1109 3416 iu
1121 3381 1191 3434 aque
1201 3364 1371 3484 conspicient

192 3467 202 3482 .
277 3434 437 3502 expavescit
456 3443 600 3503 propterea
619 3434 804 3488 ieruntlndos
822 3433 964 3488 observare
981 3444 1089 3486 noctem
1106 3443 1245 3504 expertem
1282 3449 1372 3496 unes,

276 3505 385 3576 quoties
411 3504 512 3558 animal
524 3503 577 3557 hoc
589 3521 674 3576 aquae
686 3507 812 3558 traiicere
830 3505 934 3558 volunt
955 3503 1023 3556 haec
1041 3521 1128 3576 aquae
1148 3505 1310 3557 turbationis
1328 3511 1374 3556 est

277 3591 366 3626 eausa.
403 3584 524 3627 raeterea
541 3585 659 3628 meretur
678 3576 731 3628 hoe
746 3577 828 3627 etiem
848 3577 878 3626 in
897 3573 1049 3645 elephantis
1067 3576 1281 3628 admirationem.
1300 3591 1373 3644 quo-

276 3647 328 3698 ties
341 3647 373 3698 in
393 3661 469 3696 orum
483 3662 590 3698 amnem
608 3647 733 3699 traiicere
750 3647 856 3710 volunt,
874 3663 930 3698 non
942 3645 1102 3715 simpliciter
1114 3664 1145 3699 ιο
1156 3647 1269 3704 fortuito
1283 3653 1373 3706 uane-

278 3724 361 3768 eunt:
386 3715 434 3768 sed
459 3717 585 3770 minimus
603 3719 723 3769 omnium
740 3716 915 3768 traietionem
938 3717 1039 3785 primus
1058 3717 1186 3782 inchoat3
1206 3715 1306 3770 deinde
1327 3731 1373 3766 se-

300 3787 374 3840 uitur
402 3786 473 3838 alius
503 3785 556 3840 hoe
577 3789 676 3853 maior,
705 3786 770 3839 hinc
797 3805 902 3838 rursum
928 3787 998 3838 aiios
1021 3797 1139 3858 utroque
1165 3788 1266 3852 moion
1285 3795 1313 3840 et
1332 3785 1374 3837 sie

279 3804 409 3926 deinceps
434 3855 531 3908 eodem
550 3866 659 3911 utentes
677 3857 773 3910 ordine
799 3873 848 3927 per
864 3858 976 3910 fluvium
994 3857 1059 3910 citra
1078 3858 1301 3928 impedimentum
1320 3855 1374 3908 ali·

256 3981 260 3986 ,
279 3927 354 3999 quod
381 3935 530 3980 transeunt.
550 3944 613 3980 narn
630 3931 653 3980 si
669 3927 826 3997 grandiores
853 3929 882 3981 iu
896 3927 1069 3982 'transeundo
1086 3929 1168 4001 primi
1185 3930 1295 3992 forent,
1315 3927 1374 3978 ior-

279 4008 351 4052 tasse
374 3997 477 4066 pedum
504 3999 635 4068 gravitate
660 4000 752 4051 foveas
770 3999 799 4050 in
816 3999 882 4052 limo
901 3999 1065 4064 efficientes,
1093 4001 1238 4072 quominus
1256 3997 1373 4051 treusim

279 4070 397 4122 minores
416 4078 537 4139 possent,
554 4067 728 4142 impedirent,
745 4069 870 4139 adeoque
885 4081 1045 4139 cogerentur
1062 4071 1092 4123 hi
1108 4069 1226 4122 fluminis
1237 4071 1266 4122 in
1284 4083 1372 4120 coeno

280 4141 410 4192 suffocari.
430 4157 481 4192 nec
498 4140 533 4192 ad
550 4141 685 4193 Venerem
701 4139 864 4210 elephantus
881 4141 1001 4206 accedit,
1025 4141 1250 4212 quemadmodum
1275 4139 1373 4192 herum

279 4222 370 4263 rerum
381 4212 463 4281 periti
474 4211 596 4276 tradunt,
614 4212 668 4266 nisi
684 4211 886 4281 mandragoram
909 4211 1041 4283 degustet
1059 4229 1120 4266 nam
1132 4213 1208 4284 prius
1222 4225 1304 4282 quesn
1317 4207 1373 4262 hoe
