<?xml version="1.0" encoding="UTF-8"?>
<!DOCTYPE html PUBLIC "-//W3C//DTD XHTML 1.0 Transitional//EN"
    "http://www.w3.org/TR/xhtml1/DTD/xhtml1-transitional.dtd">
<html xmlns="http://www.w3.org/1999/xhtml" xml:lang="en" lang="en">
 <head>
  <title>
</title>
<meta http-equiv="Content-Type" content="text/html;charset=utf-8" />
  <meta name='ocr-system' content='tesseract 3.04.00' />
  <meta name='ocr-capabilities' content='ocr_page ocr_carea ocr_par ocr_line ocrx_word'/>
</head>
<body>
  <div class='ocr_page' id='page_1' title='image "./michaelisglycae02glycgoog/michaelisglycae02glycgoog_0063.png"; bbox 0 0 3000 4859; ppageno 0'>
   <div class='ocr_carea' id='block_1_1' title="bbox 459 304 1201 410">
    <p class='ocr_par' dir='ltr' id='par_1_1' title="bbox 459 304 1201 410">
     <span class='ocr_line' id='line_1_1' title="bbox 459 304 1201 410; baseline 0.001 -17"><span class='ocrx_word' id='word_1_1' title='bbox 459 320 673 393; x_wconf 78' lang='grc' dir='ltr'><strong><em>λιιιιιιιιιπ</em></strong></span> <span class='ocrx_word' id='word_1_2' title='bbox 703 322 806 391; x_wconf 74' lang='lat' dir='ltr'><strong>rans</strong></span> <span class='ocrx_word' id='word_1_3' title='bbox 834 330 861 391; x_wconf 87' lang='grc' dir='ltr'><strong><em>ι.</em></strong></span> <span class='ocrx_word' id='word_1_4' title='bbox 1142 304 1201 410; x_wconf 73' lang='lat' dir='ltr'><strong>li</strong></span> 
     </span>
    </p>
   </div>
   <div class='ocr_carea' id='block_1_2' title="bbox 82 472 1294 2256">
    <p class='ocr_par' dir='ltr' id='par_1_2' title="bbox 82 472 1294 2256">
     <span class='ocr_line' id='line_1_2' title="bbox 111 472 1230 567; baseline 0.005 -21"><span class='ocrx_word' id='word_1_5' title='bbox 111 476 244 564; x_wconf 79' lang='grc' dir='ltr'><strong><em>σελήνην</em></strong></span> <span class='ocrx_word' id='word_1_6' title='bbox 261 480 443 563; x_wconf 77' lang='grc' dir='ltr'><strong><em>μεταβολῆς</em></strong></span> <span class='ocrx_word' id='word_1_7' title='bbox 470 478 531 565; x_wconf 84' lang='grc' dir='ltr'><strong>τήν</strong></span> <span class='ocrx_word' id='word_1_8' title='bbox 557 481 757 545; x_wconf 74' lang='grc' dir='ltr'><strong>συντέλειαν·</strong></span> <span class='ocrx_word' id='word_1_9' title='bbox 814 472 918 557; x_wconf 71' lang='grc' dir='ltr'><strong><em>ἄλλως</em></strong></span> <span class='ocrx_word' id='word_1_10' title='bbox 943 479 1003 567; x_wconf 75' lang='grc' dir='ltr'><strong><em>γὰρ</em></strong></span> <span class='ocrx_word' id='word_1_11' title='bbox 1023 481 1230 554; x_wconf 65' lang='lat' dir='ltr'><strong>lamfrance</strong></span> 
     </span>
     <span class='ocr_line' id='line_1_3' title="bbox 111 570 1203 665; baseline 0.006 -22"><span class='ocrx_word' id='word_1_12' title='bbox 111 576 303 665; x_wconf 80' lang='grc' dir='ltr'><strong><em>μειουμένης</em></strong></span> <span class='ocrx_word' id='word_1_13' title='bbox 324 577 427 663; x_wconf 83' lang='grc' dir='ltr'><strong><em>αύτῆς</em></strong></span> <span class='ocrx_word' id='word_1_14' title='bbox 448 578 503 643; x_wconf 82' lang='grc' dir='ltr'><strong><em>καί</em></strong></span> <span class='ocrx_word' id='word_1_15' title='bbox 523 570 627 654; x_wconf 70' lang='grc' dir='ltr'><strong><em>ἄλλως</em></strong></span> <span class='ocrx_word' id='word_1_16' title='bbox 647 580 825 664; x_wconf 80' lang='grc' dir='ltr'><strong><em>αύξομένης</em></strong></span> <span class='ocrx_word' id='word_1_17' title='bbox 843 578 885 644; x_wconf 82' lang='grc' dir='ltr'><strong><em>τοὶ</em></strong></span> <span class='ocrx_word' id='word_1_18' title='bbox 905 582 1047 665; x_wconf 81' lang='grc' dir='ltr'><strong><em>σώματα,</em></strong></span> <span class='ocrx_word' id='word_1_19' title='bbox 1067 588 1125 649; x_wconf 83' lang='grc' dir='ltr'><strong>νύν</strong></span> <span class='ocrx_word' id='word_1_20' title='bbox 1140 587 1203 665; x_wconf 80' lang='grc' dir='ltr'><strong>μὲν</strong></span> 
     </span>
     <span class='ocr_line' id='line_1_4' title="bbox 111 674 1208 768; baseline 0.007 -27"><span class='ocrx_word' id='word_1_21' title='bbox 111 675 271 761; x_wconf 90' lang='grc' dir='ltr'><strong><em>ληγούσης</em></strong></span> <span class='ocrx_word' id='word_1_22' title='bbox 304 674 405 762; x_wconf 75' lang='lat' dir='ltr'><strong>elocari</strong></span> <span class='ocrx_word' id='word_1_23' title='bbox 435 678 584 762; x_wconf 87' lang='grc' dir='ltr'><strong><em>γινόμενα</em></strong></span> <span class='ocrx_word' id='word_1_24' title='bbox 615 682 671 743; x_wconf 80' lang='grc' dir='ltr'><strong>καὶ</strong></span> <span class='ocrx_word' id='word_1_25' title='bbox 697 680 793 760; x_wconf 80' lang='grc' dir='ltr'><strong><em>κενά,</em></strong></span> <span class='ocrx_word' id='word_1_26' title='bbox 823 683 881 744; x_wconf 84' lang='grc' dir='ltr'><strong>νύν</strong></span> <span class='ocrx_word' id='word_1_27' title='bbox 902 681 937 744; x_wconf 82' lang='grc' dir='ltr'><strong>δὲ</strong></span> <span class='ocrx_word' id='word_1_28' title='bbox 957 682 1132 768; x_wconf 82' lang='grc' dir='ltr'><strong><em>αύξομένης</em></strong></span> <span class='ocrx_word' id='word_1_29' title='bbox 1150 685 1208 749; x_wconf 74' lang='grc' dir='ltr'><strong>καλ</strong></span> 
     </span>
     <span class='ocr_line' id='line_1_5' title="bbox 113 774 1204 865; baseline 0.006 -24"><span class='ocrx_word' id='word_1_30' title='bbox 113 777 193 861; x_wconf 84' lang='grc' dir='ltr'><strong><em>πρός</em></strong></span> <span class='ocrx_word' id='word_1_31' title='bbox 211 778 249 843; x_wconf 89' lang='grc' dir='ltr'><strong><em>τό</em></strong></span> <span class='ocrx_word' id='word_1_32' title='bbox 277 779 398 861; x_wconf 85' lang='grc' dir='ltr'><strong><em>πλῆρες</em></strong></span> <span class='ocrx_word' id='word_1_33' title='bbox 417 776 611 862; x_wconf 71' lang='grc' dir='ltr'><strong><em>ἐπειγομένης</em></strong></span> <span class='ocrx_word' id='word_1_34' title='bbox 637 776 692 843; x_wconf 73' lang='grc' dir='ltr'><strong>καὶ</strong></span> <span class='ocrx_word' id='word_1_35' title='bbox 710 777 793 843; x_wconf 77' lang='lat' dir='ltr'><strong>adad</strong></span> <span class='ocrx_word' id='word_1_36' title='bbox 814 774 912 843; x_wconf 85' lang='grc' dir='ltr'><strong><em>πόλιν</em></strong></span> <span class='ocrx_word' id='word_1_37' title='bbox 931 780 1204 865; x_wconf 77' lang='grc' dir='ltr'><strong><em>ἀναπληρούμενα,</em></strong></span> 
     </span>
     <span class='ocr_line' id='line_1_6' title="bbox 94 873 1206 967; baseline 0.003 -24"><span class='ocrx_word' id='word_1_38' title='bbox 94 880 196 949; x_wconf 72' lang='lat' dir='ltr'><strong>§iriae</strong></span> <span class='ocrx_word' id='word_1_39' title='bbox 212 873 376 967; x_wconf 82' lang='grc' dir='ltr'><strong><em>ύγρότητό</em></strong></span> <span class='ocrx_word' id='word_1_40' title='bbox 385 900 455 943; x_wconf 88' lang='grc' dir='ltr'><strong><em>τινα</em></strong></span> <span class='ocrx_word' id='word_1_41' title='bbox 470 878 642 963; x_wconf 71' lang='grc' dir='ltr'><strong><em>θερμότητι</em></strong></span> <span class='ocrx_word' id='word_1_42' title='bbox 660 881 854 964; x_wconf 78' lang='grc' dir='ltr'><strong><em>κεκραμένην</em></strong></span> <span class='ocrx_word' id='word_1_43' title='bbox 872 880 928 945; x_wconf 76' lang='grc' dir='ltr'><strong>ἐπὶ</strong></span> <span class='ocrx_word' id='word_1_44' title='bbox 944 877 979 945; x_wconf 84' lang='grc' dir='ltr'><strong><em>τό</em></strong></span> <span class='ocrx_word' id='word_1_45' title='bbox 992 881 1092 962; x_wconf 76' lang='grc' dir='ltr'><strong><em>βάθος</em></strong></span> <span class='ocrx_word' id='word_1_46' title='bbox 1116 878 1206 967; x_wconf 63' lang='lat' dir='ltr'><strong>pdol-</strong></span> 
     </span>
     <span class='ocr_line' id='line_1_7' title="bbox 114 972 1207 1063; baseline 0.002 -20"><span class='ocrx_word' id='word_1_47' title='bbox 114 1000 213 1043; x_wconf 87' lang='grc' dir='ltr'><strong><em>νουσα</em></strong></span> <span class='ocrx_word' id='word_1_48' title='bbox 236 972 415 1061; x_wconf 78' lang='grc' dir='ltr'><strong><em>λεληθότως</em></strong></span> <span class='ocrx_word' id='word_1_49' title='bbox 435 980 547 1062; x_wconf 80' lang='grc' dir='ltr'><strong><em>ένέησι.</em></strong></span> <span class='ocrx_word' id='word_1_50' title='bbox 590 981 723 1063; x_wconf 78' lang='grc' dir='ltr'><strong><em>δηλοῦσι</em></strong></span> <span class='ocrx_word' id='word_1_51' title='bbox 745 981 781 1044; x_wconf 78' lang='grc' dir='ltr'><strong>δὲ</strong></span> <span class='ocrx_word' id='word_1_52' title='bbox 793 981 884 1043; x_wconf 76' lang='grc' dir='ltr'><strong><em>τούτο</em></strong></span> <span class='ocrx_word' id='word_1_53' title='bbox 907 978 964 1043; x_wconf 77' lang='grc' dir='ltr'><strong><em>καί</em></strong></span> <span class='ocrx_word' id='word_1_54' title='bbox 981 978 1012 1043; x_wconf 82' lang='grc' dir='ltr'><strong><em>ολ</em></strong></span> <span class='ocrx_word' id='word_1_55' title='bbox 1033 980 1207 1045; x_wconf 77' lang='grc' dir='ltr'><strong><em>καθεύδον-</em></strong></span> 
     </span>
     <span class='ocr_line' id='line_1_8' title="bbox 114 1074 1207 1164; baseline 0.001 -21"><span class='ocrx_word' id='word_1_56' title='bbox 114 1100 163 1153; x_wconf 89' lang='grc' dir='ltr'><strong>τες</strong></span> <span class='ocrx_word' id='word_1_57' title='bbox 182 1080 242 1161; x_wconf 88' lang='grc' dir='ltr'><strong>τῆς</strong></span> <span class='ocrx_word' id='word_1_58' title='bbox 269 1074 332 1141; x_wconf 83' lang='grc' dir='ltr'><strong><em>ύιιό</em></strong></span> <span class='ocrx_word' id='word_1_59' title='bbox 367 1074 497 1162; x_wconf 78' lang='grc' dir='ltr'><strong><em>σελήνης</em></strong></span> <span class='ocrx_word' id='word_1_60' title='bbox 526 1075 694 1162; x_wconf 70' lang='grc' dir='ltr'><strong><em>ὑγρότητος</em></strong></span> <span class='ocrx_word' id='word_1_61' title='bbox 722 1080 875 1162; x_wconf 79' lang='grc' dir='ltr'><strong><em>περισσῆς</em></strong></span> <span class='ocrx_word' id='word_1_62' title='bbox 905 1075 962 1155; x_wconf 85' lang='grc' dir='ltr'><strong>τός</strong></span> <span class='ocrx_word' id='word_1_63' title='bbox 989 1081 1048 1161; x_wconf 87' lang='grc' dir='ltr'><strong>τῆς</strong></span> <span class='ocrx_word' id='word_1_64' title='bbox 1067 1081 1207 1164; x_wconf 80' lang='grc' dir='ltr'><strong><em>κεφαλῆς</em></strong></span> 
     </span>
     <span class='ocr_line' id='line_1_9' title="bbox 116 1172 1208 1265; baseline 0.002 -24"><span class='ocrx_word' id='word_1_65' title='bbox 116 1178 321 1261; x_wconf 83' lang='grc' dir='ltr'><strong><em>εύρυχωρέας</em></strong></span> <span class='ocrx_word' id='word_1_66' title='bbox 338 1173 568 1260; x_wconf 78' lang='grc' dir='ltr'><strong><em>πληρούμενοι,</em></strong></span> <span class='ocrx_word' id='word_1_67' title='bbox 590 1172 639 1241; x_wconf 80' lang='grc' dir='ltr'><strong>ἔτι</strong></span> <span class='ocrx_word' id='word_1_68' title='bbox 662 1177 698 1242; x_wconf 77' lang='grc' dir='ltr'><strong>δὲ</strong></span> <span class='ocrx_word' id='word_1_69' title='bbox 724 1176 766 1241; x_wconf 85' lang='grc' dir='ltr'><strong><em>τοὶ</em></strong></span> <span class='ocrx_word' id='word_1_70' title='bbox 789 1180 949 1264; x_wconf 72' lang='grc' dir='ltr'><strong><em>νεοσφαγῆ</em></strong></span> <span class='ocrx_word' id='word_1_71' title='bbox 967 1181 1029 1242; x_wconf 77' lang='grc' dir='ltr'><strong>τόν</strong></span> <span class='ocrx_word' id='word_1_72' title='bbox 1048 1180 1149 1262; x_wconf 76' lang='grc' dir='ltr'><strong><em>κρεῶν</em></strong></span> <span class='ocrx_word' id='word_1_73' title='bbox 1169 1180 1208 1265; x_wconf 79' lang='grc' dir='ltr'><strong><em>τῇ</em></strong></span> 
     </span>
     <span class='ocr_line' id='line_1_10' title="bbox 116 1273 1208 1363; baseline 0.002 -24"><span class='ocrx_word' id='word_1_74' title='bbox 116 1278 278 1363; x_wconf 74' lang='grc' dir='ltr'><strong><em>προσβολῇ</em></strong></span> <span class='ocrx_word' id='word_1_75' title='bbox 293 1278 349 1361; x_wconf 88' lang='grc' dir='ltr'><strong>τῆς</strong></span> <span class='ocrx_word' id='word_1_76' title='bbox 368 1276 501 1359; x_wconf 77' lang='grc' dir='ltr'><strong><em>σελήνης</em></strong></span> <span class='ocrx_word' id='word_1_77' title='bbox 528 1278 651 1357; x_wconf 81' lang='grc' dir='ltr'><strong><em>ταχέως</em></strong></span> <span class='ocrx_word' id='word_1_78' title='bbox 665 1273 850 1362; x_wconf 86' lang='grc' dir='ltr'><strong><em>τρεπόμενα.</em></strong></span> <span class='ocrx_word' id='word_1_79' title='bbox 865 1276 947 1342; x_wconf 75' lang='grc' dir='ltr'><strong><em>κατὰ</em></strong></span> <span class='ocrx_word' id='word_1_80' title='bbox 968 1278 1061 1343; x_wconf 84' lang='grc' dir='ltr'><strong><em>τούτο</em></strong></span> <span class='ocrx_word' id='word_1_81' title='bbox 1080 1276 1136 1359; x_wconf 72' lang='lat' dir='ltr'><strong>aul</strong></span> <span class='ocrx_word' id='word_1_82' title='bbox 1154 1279 1208 1362; x_wconf 81' lang='grc' dir='ltr'><strong>ἐφ’</strong></span> 
     </span>
     <span class='ocr_line' id='line_1_11' title="bbox 82 1372 1210 1460; baseline -0.001 -20"><span class='ocrx_word' id='word_1_83' title='bbox 82 1373 259 1459; x_wconf 78' lang='grc' dir='ltr'><strong><em>ιοόρματος</em></strong></span> <span class='ocrx_word' id='word_1_84' title='bbox 280 1372 384 1460; x_wconf 85' lang='grc' dir='ltr'><strong><em>αύτήν</em></strong></span> <span class='ocrx_word' id='word_1_85' title='bbox 400 1377 456 1437; x_wconf 85' lang='grc' dir='ltr'><strong><em>καί</em></strong></span> <span class='ocrx_word' id='word_1_86' title='bbox 469 1372 526 1439; x_wconf 78' lang='grc' dir='ltr'><strong>δύο</strong></span> <span class='ocrx_word' id='word_1_87' title='bbox 538 1372 665 1459; x_wconf 83' lang='grc' dir='ltr'><strong><em>ταύρων</em></strong></span> <span class='ocrx_word' id='word_1_88' title='bbox 681 1378 870 1455; x_wconf 72' lang='grc' dir='ltr'><strong><em>καθιζουσιν</em></strong></span> <span class='ocrx_word' id='word_1_89' title='bbox 888 1372 932 1453; x_wconf 72' lang='grc' dir='ltr'><strong>οἷς</strong></span> <span class='ocrx_word' id='word_1_90' title='bbox 955 1380 1132 1443; x_wconf 76' lang='grc' dir='ltr'><strong><em>κυκλοῦσαν</em></strong></span> <span class='ocrx_word' id='word_1_91' title='bbox 1151 1372 1210 1440; x_wconf 86' lang='grc' dir='ltr'><strong>τόν</strong></span> 
     </span>
     <span class='ocr_line' id='line_1_12' title="bbox 118 1466 1211 1560; baseline 0 -21"><span class='ocrx_word' id='word_1_92' title='bbox 118 1472 233 1557; x_wconf 84' lang='grc' dir='ltr'><strong><em>κόσμον</em></strong></span> <span class='ocrx_word' id='word_1_93' title='bbox 252 1474 312 1539; x_wconf 78' lang='grc' dir='ltr'><strong><em>κατ’</em></strong></span> <span class='ocrx_word' id='word_1_94' title='bbox 330 1466 531 1559; x_wconf 79' lang='grc' dir='ltr'><strong><em>ύροτριῶσαν</em></strong></span> <span class='ocrx_word' id='word_1_95' title='bbox 549 1474 605 1539; x_wconf 75' lang='grc' dir='ltr'><strong><em>κατ’</em></strong></span> <span class='ocrx_word' id='word_1_96' title='bbox 623 1476 836 1560; x_wconf 73' lang='grc' dir='ltr'><strong><em>σπείρουσαν,</em></strong></span> <span class='ocrx_word' id='word_1_97' title='bbox 856 1472 1071 1559; x_wconf 80' lang='grc' dir='ltr'><strong><em>ύγραένουσόν</em></strong></span> <span class='ocrx_word' id='word_1_98' title='bbox 1097 1498 1132 1539; x_wconf 88' lang='grc' dir='ltr'><strong>τε</strong></span> <span class='ocrx_word' id='word_1_99' title='bbox 1152 1474 1211 1539; x_wconf 75' lang='grc' dir='ltr'><strong>καλ</strong></span> 
     </span>
     <span class='ocr_line' id='line_1_13' title="bbox 120 1570 1240 1663; baseline 0.002 -22"><span class='ocrx_word' id='word_1_100' title='bbox 120 1574 372 1659; x_wconf 70' lang='grc' dir='ltr'><strong><em>θερμαίνονσαν.</em></strong></span> <span class='ocrx_word' id='word_1_101' title='bbox 416 1578 518 1639; x_wconf 77' lang='grc' dir='ltr'><strong><em>ταῦτα</em></strong></span> <span class='ocrx_word' id='word_1_102' title='bbox 540 1578 576 1641; x_wconf 81' lang='lat' dir='ltr'><strong>dl</strong></span> <span class='ocrx_word' id='word_1_103' title='bbox 596 1572 698 1639; x_wconf 83' lang='grc' dir='ltr'><strong><em>πόντοι</em></strong></span> <span class='ocrx_word' id='word_1_104' title='bbox 719 1574 778 1639; x_wconf 83' lang='grc' dir='ltr'><strong>σύν</strong></span> <span class='ocrx_word' id='word_1_105' title='bbox 797 1570 839 1640; x_wconf 78' lang='grc' dir='ltr'><strong>όν</strong></span> <span class='ocrx_word' id='word_1_106' title='bbox 860 1571 1007 1661; x_wconf 73' lang='grc' dir='ltr'><strong><em>ἐξήρκεσε</em></strong></span> <span class='ocrx_word' id='word_1_107' title='bbox 1034 1600 1071 1663; x_wconf 82' lang='grc' dir='ltr'><strong>τη</strong></span> <span class='ocrx_word' id='word_1_108' title='bbox 1092 1571 1240 1659; x_wconf 58' lang='lat' dir='ltr'><strong>leutici)</strong></span> 
     </span>
     <span class='ocr_line' id='line_1_14' title="bbox 120 1671 1209 1761; baseline -0.003 -20"><span class='ocrx_word' id='word_1_109' title='bbox 120 1676 282 1741; x_wconf 81' lang='grc' dir='ltr'><strong><em>ύλλυιόσει</em></strong></span> <span class='ocrx_word' id='word_1_110' title='bbox 305 1676 536 1757; x_wconf 77' lang='grc' dir='ltr'><strong><em>συμμεθιστᾶν,</em></strong></span> <span class='ocrx_word' id='word_1_111' title='bbox 557 1674 589 1740; x_wconf 79' lang='grc' dir='ltr'><strong>ελ</strong></span> <span class='ocrx_word' id='word_1_112' title='bbox 607 1671 652 1760; x_wconf 91' lang='grc' dir='ltr'><strong><em>μή</em></strong></span> <span class='ocrx_word' id='word_1_113' title='bbox 664 1698 700 1759; x_wconf 91' lang='grc' dir='ltr'><strong>γε</strong></span> <span class='ocrx_word' id='word_1_114' title='bbox 722 1672 803 1739; x_wconf 82' lang='grc' dir='ltr'><strong>κατά</strong></span> <span class='ocrx_word' id='word_1_115' title='bbox 824 1672 882 1759; x_wconf 90' lang='grc' dir='ltr'><strong>τήν</strong></span> <span class='ocrx_word' id='word_1_116' title='bbox 901 1676 958 1760; x_wconf 86' lang='grc' dir='ltr'><strong>τῆς</strong></span> <span class='ocrx_word' id='word_1_117' title='bbox 977 1678 1104 1761; x_wconf 80' lang='grc' dir='ltr'><strong><em>γραφῆς</em></strong></span> <span class='ocrx_word' id='word_1_118' title='bbox 1123 1699 1209 1756; x_wconf 81' lang='grc' dir='ltr'><strong><em>μαρ-</em></strong></span> 
     </span>
     <span class='ocr_line' id='line_1_15' title="bbox 124 1768 1211 1861; baseline -0.001 -23"><span class='ocrx_word' id='word_1_119' title='bbox 124 1776 229 1857; x_wconf 86' lang='grc' dir='ltr'><strong><em>τνριάν</em></strong></span> <span class='ocrx_word' id='word_1_120' title='bbox 239 1768 412 1858; x_wconf 85' lang='grc' dir='ltr'><strong><em>ύπερφιιής</em></strong></span> <span class='ocrx_word' id='word_1_121' title='bbox 431 1795 480 1847; x_wconf 86' lang='grc' dir='ltr'><strong>τις</strong></span> <span class='ocrx_word' id='word_1_122' title='bbox 496 1770 648 1857; x_wconf 76' lang='grc' dir='ltr'><strong><em>ἐτύγχανε</em></strong></span> <span class='ocrx_word' id='word_1_123' title='bbox 668 1776 708 1861; x_wconf 78' lang='grc' dir='ltr'><strong><em>τῇ</em></strong></span> <span class='ocrx_word' id='word_1_124' title='bbox 728 1775 860 1855; x_wconf 75' lang='grc' dir='ltr'><strong><em>δυνάμει</em></strong></span> <span class='ocrx_word' id='word_1_125' title='bbox 873 1797 909 1838; x_wconf 89' lang='grc' dir='ltr'><strong>τε</strong></span> <span class='ocrx_word' id='word_1_126' title='bbox 929 1772 1141 1860; x_wconf 84' lang='grc' dir='ltr'><strong><em>ύνιερέχουσα.</em></strong></span> <span class='ocrx_word' id='word_1_127' title='bbox 1153 1768 1211 1837; x_wconf 82' lang='grc' dir='ltr'><strong>ού-</strong></span> 
     </span>
     <span class='ocr_line' id='line_1_16' title="bbox 86 1866 1210 1959; baseline -0.001 -22"><span class='ocrx_word' id='word_1_128' title='bbox 86 1878 170 1945; x_wconf 71' lang='lat' dir='ltr'><strong>siros</strong></span> <span class='ocrx_word' id='word_1_129' title='bbox 186 1876 243 1954; x_wconf 78' lang='grc' dir='ltr'><strong>μέν</strong></span> <span class='ocrx_word' id='word_1_130' title='bbox 265 1866 328 1936; x_wconf 82' lang='grc' dir='ltr'><strong>σύν</strong></span> <span class='ocrx_word' id='word_1_131' title='bbox 347 1872 384 1936; x_wconf 78' lang='grc' dir='ltr'><strong>ἐκ</strong></span> <span class='ocrx_word' id='word_1_132' title='bbox 403 1876 457 1958; x_wconf 83' lang='grc' dir='ltr'><strong>τῆς</strong></span> <span class='ocrx_word' id='word_1_133' title='bbox 477 1872 578 1949; x_wconf 69' lang='grc' dir='ltr'><strong><em>αἰτίας</em></strong></span> <span class='ocrx_word' id='word_1_134' title='bbox 589 1872 703 1959; x_wconf 84' lang='grc' dir='ltr'><strong><em>ταύτης</em></strong></span> <span class='ocrx_word' id='word_1_135' title='bbox 716 1874 772 1939; x_wconf 83' lang='grc' dir='ltr'><strong><em>καί</em></strong></span> <span class='ocrx_word' id='word_1_136' title='bbox 790 1871 830 1937; x_wconf 79' lang='grc' dir='ltr'><strong><em>τό</em></strong></span> <span class='ocrx_word' id='word_1_137' title='bbox 853 1872 933 1939; x_wconf 77' lang='grc' dir='ltr'><strong><em>κατὰ</em></strong></span> <span class='ocrx_word' id='word_1_138' title='bbox 949 1872 1005 1939; x_wconf 85' lang='grc' dir='ltr'><strong>τόν</strong></span> <span class='ocrx_word' id='word_1_139' title='bbox 1018 1873 1100 1956; x_wconf 81' lang='grc' dir='ltr'><strong><em>α’έρα</em></strong></span> <span class='ocrx_word' id='word_1_140' title='bbox 1120 1873 1210 1957; x_wconf 69' lang='grc' dir='ltr'><strong><em>πύθη</em></strong></span> 
     </span>
     <span class='ocr_line' id='line_1_17' title="bbox 127 1967 1210 2059; baseline -0.001 -22"><span class='ocrx_word' id='word_1_141' title='bbox 127 1976 347 2052; x_wconf 67' lang='lat' dir='ltr'><strong>matronae,</strong></span> <span class='ocrx_word' id='word_1_142' title='bbox 381 1969 427 2047; x_wconf 72' lang='lat' dir='ltr'><strong>oie</strong></span> <span class='ocrx_word' id='word_1_143' title='bbox 446 1976 665 2059; x_wconf 73' lang='grc' dir='ltr'><strong><em>μαρτυροῦσιν</em></strong></span> <span class='ocrx_word' id='word_1_144' title='bbox 688 1969 765 2055; x_wconf 73' lang='grc' dir='ltr'><strong><em>ἡμῖν</em></strong></span> <span class='ocrx_word' id='word_1_145' title='bbox 784 1972 820 2037; x_wconf 87' lang='grc' dir='ltr'><strong>αλ</strong></span> <span class='ocrx_word' id='word_1_146' title='bbox 843 1967 926 2037; x_wconf 62' lang='grc' dir='ltr'><strong><em>’κατό</em></strong></span> <span class='ocrx_word' id='word_1_147' title='bbox 949 1972 1007 2055; x_wconf 88' lang='grc' dir='ltr'><strong>τήν</strong></span> <span class='ocrx_word' id='word_1_148' title='bbox 1039 1974 1210 2057; x_wconf 76' lang='grc' dir='ltr'><strong><em>νουμηνίαν</em></strong></span> 
     </span>
     <span class='ocr_line' id='line_1_18' title="bbox 127 2065 1212 2157; baseline -0.001 -22"><span class='ocrx_word' id='word_1_149' title='bbox 127 2070 267 2148; x_wconf 74' lang='grc' dir='ltr'><strong><em>πολλάκις</em></strong></span> <span class='ocrx_word' id='word_1_150' title='bbox 282 2065 347 2135; x_wconf 72' lang='lat' dir='ltr'><strong>dul</strong></span> <span class='ocrx_word' id='word_1_151' title='bbox 359 2072 495 2156; x_wconf 79' lang='grc' dir='ltr'><strong><em>γαλήνης</em></strong></span> <span class='ocrx_word' id='word_1_152' title='bbox 508 2074 563 2137; x_wconf 82' lang='grc' dir='ltr'><strong><em>καί</em></strong></span> <span class='ocrx_word' id='word_1_153' title='bbox 583 2075 730 2157; x_wconf 77' lang='grc' dir='ltr'><strong><em>νηνεμίας</em></strong></span> <span class='ocrx_word' id='word_1_154' title='bbox 743 2070 899 2157; x_wconf 71' lang='grc' dir='ltr'><strong><em>αἰφνίδιον</em></strong></span> <span class='ocrx_word' id='word_1_155' title='bbox 916 2073 1059 2157; x_wconf 74' lang='grc' dir='ltr'><strong><em>ταραχαὶ</em></strong></span> <span class='ocrx_word' id='word_1_156' title='bbox 1078 2076 1142 2137; x_wconf 80' lang='grc' dir='ltr'><strong>τῶν</strong></span> <span class='ocrx_word' id='word_1_157' title='bbox 1158 2094 1212 2135; x_wconf 86' lang='grc' dir='ltr'><strong>νε-</strong></span> 
     </span>
     <span class='ocr_line' id='line_1_19' title="bbox 127 2168 1294 2256; baseline -0.001 -21"><span class='ocrx_word' id='word_1_158' title='bbox 127 2173 192 2256; x_wconf 69' lang='lat' dir='ltr'><strong>pes</strong></span> <span class='ocrx_word' id='word_1_159' title='bbox 210 2174 430 2252; x_wconf 77' lang='grc' dir='ltr'><strong><em>κλονουμένων</em></strong></span> <span class='ocrx_word' id='word_1_160' title='bbox 451 2172 506 2236; x_wconf 75' lang='grc' dir='ltr'><strong><em>κατ’</em></strong></span> <span class='ocrx_word' id='word_1_161' title='bbox 524 2170 766 2253; x_wconf 82' lang='grc' dir='ltr'><strong><em>συμπιπτόντων</em></strong></span> <span class='ocrx_word' id='word_1_162' title='bbox 794 2170 962 2254; x_wconf 72' lang='grc' dir='ltr'><strong><em>ἀλλήλους,</em></strong></span> <span class='ocrx_word' id='word_1_163' title='bbox 985 2168 1020 2235; x_wconf 80' lang='grc' dir='ltr'><strong>αἱ</strong></span> <span class='ocrx_word' id='word_1_164' title='bbox 1040 2170 1115 2251; x_wconf 74' lang='grc' dir='ltr'><strong><em>περὶ</em></strong></span> <span class='ocrx_word' id='word_1_165' title='bbox 1132 2169 1249 2248; x_wconf 65' lang='lat' dir='ltr'><strong>caslev,</strong></span> <span class='ocrx_word' id='word_1_166' title='bbox 1263 2192 1294 2246; x_wconf 70' lang='grc' dir='ltr'><strong>,ς</strong></span> 
     </span>
    </p>
   </div>
   <div class='ocr_carea' id='block_1_3' title="bbox 82 2266 1211 2457">
    <p class='ocr_par' dir='ltr' id='par_1_3' title="bbox 82 2266 1211 2457">
     <span class='ocr_line' id='line_1_20' title="bbox 123 2266 1211 2356; baseline 0.001 -23"><span class='ocrx_word' id='word_1_167' title='bbox 123 2269 267 2355; x_wconf 79' lang='grc' dir='ltr'><strong><em>εύρέιιους</em></strong></span> <span class='ocrx_word' id='word_1_168' title='bbox 291 2293 328 2334; x_wconf 86' lang='grc' dir='ltr'><strong>τε</strong></span> <span class='ocrx_word' id='word_1_169' title='bbox 357 2270 560 2356; x_wconf 77' lang='grc' dir='ltr'><strong><em>παλίρροιαι,</em></strong></span> <span class='ocrx_word' id='word_1_170' title='bbox 587 2272 644 2335; x_wconf 73' lang='grc' dir='ltr'><strong>καὶ</strong></span> <span class='ocrx_word' id='word_1_171' title='bbox 667 2266 688 2354; x_wconf 73' lang='lat' dir='ltr'><strong>&#39;l</strong></span> <span class='ocrx_word' id='word_1_172' title='bbox 709 2272 785 2355; x_wconf 78' lang='lat' dir='ltr'><strong>napi</strong></span> <span class='ocrx_word' id='word_1_173' title='bbox 801 2268 856 2335; x_wconf 85' lang='grc' dir='ltr'><strong>τόν</strong></span> <span class='ocrx_word' id='word_1_174' title='bbox 885 2267 1046 2353; x_wconf 85' lang='grc' dir='ltr'><strong><em>λεγόμενον</em></strong></span> <span class='ocrx_word' id='word_1_175' title='bbox 1063 2268 1211 2334; x_wconf 83' lang='grc' dir='ltr'><strong><em>Ὠκεανόν</em></strong></span> 
     </span>
     <span class='ocr_line' id='line_1_21' title="bbox 82 2360 1211 2457; baseline 0.001 -24"><span class='ocrx_word' id='word_1_176' title='bbox 82 2360 272 2454; x_wconf 79' lang='grc' dir='ltr'><strong><em>νούμποπις,</em></strong></span> <span class='ocrx_word' id='word_1_177' title='bbox 292 2366 335 2455; x_wconf 85' lang='grc' dir='ltr'><strong>ήν</strong></span> <span class='ocrx_word' id='word_1_178' title='bbox 351 2376 423 2445; x_wconf 76' lang='grc' dir='ltr'><strong><em>ταῖς</em></strong></span> <span class='ocrx_word' id='word_1_179' title='bbox 442 2369 602 2457; x_wconf 78' lang='grc' dir='ltr'><strong><em>περιόδοις</em></strong></span> <span class='ocrx_word' id='word_1_180' title='bbox 622 2370 678 2455; x_wconf 85' lang='grc' dir='ltr'><strong>τῆς</strong></span> <span class='ocrx_word' id='word_1_181' title='bbox 698 2365 829 2455; x_wconf 89' lang='grc' dir='ltr'><strong><em>σελήνης</em></strong></span> <span class='ocrx_word' id='word_1_182' title='bbox 848 2369 1044 2453; x_wconf 76' lang='grc' dir='ltr'><strong><em>τεταγμένως</em></strong></span> <span class='ocrx_word' id='word_1_183' title='bbox 1058 2362 1211 2456; x_wconf 74' lang='grc' dir='ltr'><strong><em>ἑπομένην</em></strong></span> 
     </span>
    </p>
   </div>
   <div class='ocr_carea' id='block_1_4' title="bbox 120 2658 1219 4297">
    <p class='ocr_par' dir='ltr' id='par_1_4' title="bbox 120 2658 1219 4297">
     <span class='ocr_line' id='line_1_22' title="bbox 127 2658 1213 2732; baseline 0.002 -21"><span class='ocrx_word' id='word_1_184' title='bbox 127 2658 165 2711; x_wconf 90' lang='lat' dir='ltr'><strong>ris</strong></span> <span class='ocrx_word' id='word_1_185' title='bbox 183 2665 285 2712; x_wconf 76' lang='lat' dir='ltr'><strong>eterra</strong></span> <span class='ocrx_word' id='word_1_186' title='bbox 311 2660 490 2713; x_wconf 87' lang='lat' dir='ltr'><strong>nascentibus</strong></span> <span class='ocrx_word' id='word_1_187' title='bbox 511 2660 593 2715; x_wconf 87' lang='lat' dir='ltr'><strong>rebus</strong></span> <span class='ocrx_word' id='word_1_188' title='bbox 620 2658 749 2732; x_wconf 88' lang='lat' dir='ltr'><strong>equidem</strong></span> <span class='ocrx_word' id='word_1_189' title='bbox 774 2660 899 2715; x_wconf 85' lang='lat' dir='ltr'><strong>arbitror.</strong></span> <span class='ocrx_word' id='word_1_190' title='bbox 927 2679 990 2715; x_wconf 91' lang='lat' dir='ltr'><strong>nam</strong></span> <span class='ocrx_word' id='word_1_191' title='bbox 1007 2661 1089 2714; x_wconf 89' lang='lat' dir='ltr'><strong>aliter</strong></span> <span class='ocrx_word' id='word_1_192' title='bbox 1106 2660 1213 2714; x_wconf 82' lang='lat' dir='ltr'><strong>adiecta</strong></span> 
     </span>
     <span class='ocr_line' id='line_1_23' title="bbox 124 2732 1213 2803; baseline 0.001 -20"><span class='ocrx_word' id='word_1_193' title='bbox 124 2738 189 2783; x_wconf 84' lang='lat' dir='ltr'><strong>sont</strong></span> <span class='ocrx_word' id='word_1_194' title='bbox 214 2748 326 2801; x_wconf 84' lang='lat' dir='ltr'><strong>corpora</strong></span> <span class='ocrx_word' id='word_1_195' title='bbox 351 2732 418 2783; x_wconf 86' lang='lat' dir='ltr'><strong>lona</strong></span> <span class='ocrx_word' id='word_1_196' title='bbox 441 2732 582 2785; x_wconf 89' lang='lat' dir='ltr'><strong>deminuta</strong></span> <span class='ocrx_word' id='word_1_197' title='bbox 605 2749 685 2803; x_wconf 88' lang='lat' dir='ltr'><strong>quam</strong></span> <span class='ocrx_word' id='word_1_198' title='bbox 712 2750 771 2785; x_wconf 87' lang='lat' dir='ltr'><strong>esse</strong></span> <span class='ocrx_word' id='word_1_199' title='bbox 798 2735 905 2787; x_wconf 88' lang='lat' dir='ltr'><strong>soleant</strong></span> <span class='ocrx_word' id='word_1_200' title='bbox 930 2734 1025 2786; x_wconf 89' lang='lat' dir='ltr'><strong>eadem</strong></span> <span class='ocrx_word' id='word_1_201' title='bbox 1043 2741 1213 2801; x_wconf 67' lang='lat' dir='ltr'><strong>augescente.</strong></span> 
     </span>
     <span class='ocr_line' id='line_1_24' title="bbox 124 2802 1214 2875; baseline 0.002 -24"><span class='ocrx_word' id='word_1_202' title='bbox 124 2802 226 2871; x_wconf 84' lang='lat' dir='ltr'><strong>qnippe</strong></span> <span class='ocrx_word' id='word_1_203' title='bbox 244 2820 304 2853; x_wconf 89' lang='lat' dir='ltr'><strong>cum</strong></span> <span class='ocrx_word' id='word_1_204' title='bbox 330 2802 424 2856; x_wconf 82' lang='lat' dir='ltr'><strong>deficit</strong></span> <span class='ocrx_word' id='word_1_205' title='bbox 441 2820 472 2855; x_wconf 85' lang='lat' dir='ltr'><strong>ac</strong></span> <span class='ocrx_word' id='word_1_206' title='bbox 489 2804 675 2869; x_wconf 81' lang='lat' dir='ltr'>imminuitur,</span> <span class='ocrx_word' id='word_1_207' title='bbox 698 2804 760 2855; x_wconf 82' lang='lat' dir='ltr'><strong>laxa</strong></span> <span class='ocrx_word' id='word_1_208' title='bbox 781 2813 845 2857; x_wconf 88' lang='lat' dir='ltr'><strong>sunt</strong></span> <span class='ocrx_word' id='word_1_209' title='bbox 861 2814 945 2875; x_wconf 82' lang='lat' dir='ltr'><strong>atque</strong></span> <span class='ocrx_word' id='word_1_210' title='bbox 963 2822 1062 2857; x_wconf 84' lang='lat' dir='ltr'><strong>vacua:</strong></span> <span class='ocrx_word' id='word_1_211' title='bbox 1083 2822 1143 2855; x_wconf 89' lang='lat' dir='ltr'><strong>cum</strong></span> <span class='ocrx_word' id='word_1_212' title='bbox 1164 2819 1214 2854; x_wconf 88' lang='lat' dir='ltr'><strong>ao-</strong></span> 
     </span>
     <span class='ocr_line' id='line_1_25' title="bbox 124 2872 1216 2946; baseline 0.001 -23"><span class='ocrx_word' id='word_1_213' title='bbox 124 2872 255 2939; x_wconf 77' lang='lat' dir='ltr'><strong>gestitet</strong></span> <span class='ocrx_word' id='word_1_214' title='bbox 284 2872 321 2925; x_wconf 89' lang='lat' dir='ltr'><strong>ad</strong></span> <span class='ocrx_word' id='word_1_215' title='bbox 337 2873 538 2943; x_wconf 82' lang='lat' dir='ltr'><strong>plenitudinem</strong></span> <span class='ocrx_word' id='word_1_216' title='bbox 563 2892 638 2927; x_wconf 90' lang='lat' dir='ltr'><strong>suam</strong></span> <span class='ocrx_word' id='word_1_217' title='bbox 666 2886 809 2945; x_wconf 89' lang='lat' dir='ltr'><strong>properat,</strong></span> <span class='ocrx_word' id='word_1_218' title='bbox 833 2892 945 2945; x_wconf 86' lang='lat' dir='ltr'><strong>corpora</strong></span> <span class='ocrx_word' id='word_1_219' title='bbox 968 2890 1081 2946; x_wconf 90' lang='lat' dir='ltr'><strong>quoque</strong></span> <span class='ocrx_word' id='word_1_220' title='bbox 1108 2890 1216 2925; x_wconf 91' lang='lat' dir='ltr'><strong>rursum</strong></span> 
     </span>
     <span class='ocr_line' id='line_1_26' title="bbox 123 2942 1215 3017; baseline 0.001 -24"><span class='ocrx_word' id='word_1_221' title='bbox 123 2942 222 3013; x_wconf 90' lang='lat' dir='ltr'><strong>repleri</strong></span> <span class='ocrx_word' id='word_1_222' title='bbox 243 2942 383 3009; x_wconf 71' lang='lat' dir='ltr'><strong>ridemus,</strong></span> <span class='ocrx_word' id='word_1_223' title='bbox 401 2944 484 3014; x_wconf 88' lang='lat' dir='ltr'><strong>idque</strong></span> <span class='ocrx_word' id='word_1_224' title='bbox 497 2954 643 3015; x_wconf 84' lang='lat' dir='ltr'><strong>propterea</strong></span> <span class='ocrx_word' id='word_1_225' title='bbox 657 2945 733 3016; x_wconf 90' lang='lat' dir='ltr'><strong>quod</strong></span> <span class='ocrx_word' id='word_1_226' title='bbox 748 2946 888 2999; x_wconf 89' lang='lat' dir='ltr'><strong>humorem</strong></span> <span class='ocrx_word' id='word_1_227' title='bbox 908 2946 1044 3017; x_wconf 87' lang='lat' dir='ltr'><strong>quendum</strong></span> <span class='ocrx_word' id='word_1_228' title='bbox 1064 2962 1123 2997; x_wconf 92' lang='lat' dir='ltr'><strong>eum</strong></span> <span class='ocrx_word' id='word_1_229' title='bbox 1140 2943 1215 2995; x_wconf 88' lang='lat' dir='ltr'><strong>ealo-</strong></span> 
     </span>
     <span class='ocr_line' id='line_1_27' title="bbox 124 3015 1215 3087; baseline 0.002 -22"><span class='ocrx_word' id='word_1_230' title='bbox 124 3030 151 3065; x_wconf 86' lang='lat' dir='ltr'><strong>re</strong></span> <span class='ocrx_word' id='word_1_231' title='bbox 168 3023 352 3083; x_wconf 89' lang='lat' dir='ltr'><strong>temperatum</strong></span> <span class='ocrx_word' id='word_1_232' title='bbox 370 3022 398 3067; x_wconf 87' lang='lat' dir='ltr'><strong>et</strong></span> <span class='ocrx_word' id='word_1_233' title='bbox 426 3015 461 3067; x_wconf 89' lang='lat' dir='ltr'><strong>ad</strong></span> <span class='ocrx_word' id='word_1_234' title='bbox 480 3016 533 3067; x_wconf 86' lang='lat' dir='ltr'><strong>ima</strong></span> <span class='ocrx_word' id='word_1_235' title='bbox 552 3032 638 3087; x_wconf 84' lang='lat' dir='ltr'><strong>usque</strong></span> <span class='ocrx_word' id='word_1_236' title='bbox 655 3018 837 3086; x_wconf 70' lang='lat' dir='ltr'><strong>pertinentem</strong></span> <span class='ocrx_word' id='word_1_237' title='bbox 857 3019 935 3087; x_wconf 85' lang='lat' dir='ltr'><strong>quasi</strong></span> <span class='ocrx_word' id='word_1_238' title='bbox 954 3019 1036 3069; x_wconf 87' lang='lat' dir='ltr'><strong>tacite</strong></span> <span class='ocrx_word' id='word_1_239' title='bbox 1055 3015 1215 3086; x_wconf 83' lang='lat' dir='ltr'><strong>corporibus</strong></span> 
     </span>
     <span class='ocr_line' id='line_1_28' title="bbox 123 3083 1217 3158; baseline -0.001 -21"><span class='ocrx_word' id='word_1_240' title='bbox 123 3086 261 3156; x_wconf 77' lang='lat' dir='ltr'><strong>immittat.</strong></span> <span class='ocrx_word' id='word_1_241' title='bbox 281 3086 458 3139; x_wconf 83' lang='lat' dir='ltr'><strong>animadverti</strong></span> <span class='ocrx_word' id='word_1_242' title='bbox 476 3085 529 3139; x_wconf 89' lang='lat' dir='ltr'><strong>hoc</strong></span> <span class='ocrx_word' id='word_1_243' title='bbox 559 3086 593 3140; x_wconf 94' lang='lat' dir='ltr'><strong>de</strong></span> <span class='ocrx_word' id='word_1_244' title='bbox 614 3088 646 3139; x_wconf 90' lang='lat' dir='ltr'><strong>iis</strong></span> <span class='ocrx_word' id='word_1_245' title='bbox 664 3104 776 3158; x_wconf 90' lang='lat' dir='ltr'><strong>quoque</strong></span> <span class='ocrx_word' id='word_1_246' title='bbox 793 3095 900 3157; x_wconf 90' lang='lat' dir='ltr'><strong>potest,</strong></span> <span class='ocrx_word' id='word_1_247' title='bbox 922 3089 973 3157; x_wconf 83' lang='lat' dir='ltr'><strong>qui</strong></span> <span class='ocrx_word' id='word_1_248' title='bbox 988 3087 1023 3138; x_wconf 89' lang='lat' dir='ltr'><strong>ad</strong></span> <span class='ocrx_word' id='word_1_249' title='bbox 1040 3088 1134 3139; x_wconf 88' lang='lat' dir='ltr'><strong>lunam</strong></span> <span class='ocrx_word' id='word_1_250' title='bbox 1152 3083 1217 3137; x_wconf 89' lang='lat' dir='ltr'><strong>dor-</strong></span> 
     </span>
     <span class='ocr_line' id='line_1_29' title="bbox 122 3148 1217 3228; baseline 0.001 -21"><span class='ocrx_word' id='word_1_251' title='bbox 122 3156 239 3209; x_wconf 85' lang='lat' dir='ltr'><strong>mientes</strong></span> <span class='ocrx_word' id='word_1_252' title='bbox 268 3156 405 3227; x_wconf 82' lang='lat' dir='ltr'><strong>superfluo</strong></span> <span class='ocrx_word' id='word_1_253' title='bbox 434 3156 548 3210; x_wconf 85' lang='lat' dir='ltr'><strong>humore</strong></span> <span class='ocrx_word' id='word_1_254' title='bbox 565 3158 661 3227; x_wconf 86' lang='lat' dir='ltr'><strong>capitis</strong></span> <span class='ocrx_word' id='word_1_255' title='bbox 685 3160 863 3228; x_wconf 74' lang='lat' dir='ltr'><strong>capacitatem</strong></span> <span class='ocrx_word' id='word_1_256' title='bbox 883 3175 990 3209; x_wconf 89' lang='lat' dir='ltr'><strong>omnem</strong></span> <span class='ocrx_word' id='word_1_257' title='bbox 1010 3158 1110 3227; x_wconf 89' lang='lat' dir='ltr'><strong>repleri</strong></span> <span class='ocrx_word' id='word_1_258' title='bbox 1128 3148 1217 3209; x_wconf 73' lang='lat' dir='ltr'><strong>senti·-</strong></span> 
     </span>
     <span class='ocr_line' id='line_1_30' title="bbox 123 3224 1216 3298; baseline 0 -21"><span class='ocrx_word' id='word_1_259' title='bbox 123 3236 178 3279; x_wconf 78' lang='grc' dir='ltr'><strong>σαι</strong></span> <span class='ocrx_word' id='word_1_260' title='bbox 196 3224 295 3279; x_wconf 88' lang='lat' dir='ltr'><strong>itidem</strong></span> <span class='ocrx_word' id='word_1_261' title='bbox 314 3244 408 3280; x_wconf 89' lang='lat' dir='ltr'><strong>carnes</strong></span> <span class='ocrx_word' id='word_1_262' title='bbox 422 3244 516 3281; x_wconf 91' lang='lat' dir='ltr'><strong>recens</strong></span> <span class='ocrx_word' id='word_1_263' title='bbox 536 3238 713 3281; x_wconf 85' lang='lat' dir='ltr'><strong>mactatormn</strong></span> <span class='ocrx_word' id='word_1_264' title='bbox 733 3228 891 3281; x_wconf 86' lang='lat' dir='ltr'><strong>animalium</strong></span> <span class='ocrx_word' id='word_1_265' title='bbox 909 3229 943 3279; x_wconf 87' lang='lat' dir='ltr'><strong>ad</strong></span> <span class='ocrx_word' id='word_1_266' title='bbox 964 3228 1057 3279; x_wconf 88' lang='lat' dir='ltr'><strong>lunam</strong></span> <span class='ocrx_word' id='word_1_267' title='bbox 1076 3229 1216 3298; x_wconf 71' lang='lat' dir='ltr'><strong>expositae</strong></span> 
     </span>
     <span class='ocr_line' id='line_1_31' title="bbox 123 3297 1217 3369; baseline 0.001 -21"><span class='ocrx_word' id='word_1_268' title='bbox 123 3297 204 3349; x_wconf 83' lang='lat' dir='ltr'><strong>stab</strong></span> <span class='ocrx_word' id='word_1_269' title='bbox 225 3300 285 3351; x_wconf 86' lang='lat' dir='ltr'><strong>eius</strong></span> <span class='ocrx_word' id='word_1_270' title='bbox 312 3298 395 3351; x_wconf 88' lang='lat' dir='ltr'><strong>radiis</strong></span> <span class='ocrx_word' id='word_1_271' title='bbox 412 3305 530 3351; x_wconf 74' lang='lat' dir='ltr'><strong>attactae</strong></span> <span class='ocrx_word' id='word_1_272' title='bbox 550 3301 603 3352; x_wconf 93' lang='lat' dir='ltr'><strong>cito</strong></span> <span class='ocrx_word' id='word_1_273' title='bbox 620 3309 761 3354; x_wconf 87' lang='lat' dir='ltr'><strong>mutantur</strong></span> <span class='ocrx_word' id='word_1_274' title='bbox 780 3318 812 3352; x_wconf 87' lang='lat' dir='ltr'><strong>sc</strong></span> <span class='ocrx_word' id='word_1_275' title='bbox 839 3307 1008 3369; x_wconf 83' lang='lat' dir='ltr'><strong>putrescunt.</strong></span> <span class='ocrx_word' id='word_1_276' title='bbox 1028 3316 1060 3350; x_wconf 90' lang='lat' dir='ltr'><strong>ea</strong></span> <span class='ocrx_word' id='word_1_277' title='bbox 1080 3298 1115 3351; x_wconf 89' lang='lat' dir='ltr'><strong>de</strong></span> <span class='ocrx_word' id='word_1_278' title='bbox 1135 3313 1217 3351; x_wconf 87' lang='lat' dir='ltr'><strong>causa</strong></span> 
     </span>
     <span class='ocr_line' id='line_1_32' title="bbox 122 3368 1217 3440; baseline 0.002 -21"><span class='ocrx_word' id='word_1_279' title='bbox 122 3368 216 3420; x_wconf 86' lang='lat' dir='ltr'><strong>lunam</strong></span> <span class='ocrx_word' id='word_1_280' title='bbox 235 3370 266 3423; x_wconf 86' lang='lat' dir='ltr'><strong>ln</strong></span> <span class='ocrx_word' id='word_1_281' title='bbox 286 3386 383 3432; x_wconf 84' lang='lat' dir='ltr'><strong>curru,</strong></span> <span class='ocrx_word' id='word_1_282' title='bbox 409 3369 517 3423; x_wconf 89' lang='lat' dir='ltr'><strong>duobus</strong></span> <span class='ocrx_word' id='word_1_283' title='bbox 535 3372 619 3423; x_wconf 88' lang='lat' dir='ltr'><strong>tauris</strong></span> <span class='ocrx_word' id='word_1_284' title='bbox 639 3370 789 3435; x_wconf 87' lang='lat' dir='ltr'><strong>adiunctis,</strong></span> <span class='ocrx_word' id='word_1_285' title='bbox 816 3371 967 3434; x_wconf 89' lang='lat' dir='ltr'><strong>collocant,</strong></span> <span class='ocrx_word' id='word_1_286' title='bbox 986 3379 1116 3440; x_wconf 86' lang='lat' dir='ltr'><strong>tanquam</strong></span> <span class='ocrx_word' id='word_1_287' title='bbox 1136 3386 1217 3421; x_wconf 84' lang='lat' dir='ltr'><strong>mun-</strong></span> 
     </span>
     <span class='ocr_line' id='line_1_33' title="bbox 122 3438 1218 3507; baseline 0.002 -18"><span class='ocrx_word' id='word_1_288' title='bbox 122 3438 185 3492; x_wconf 85' lang='lat' dir='ltr'><strong>dum</strong></span> <span class='ocrx_word' id='word_1_289' title='bbox 207 3440 283 3493; x_wconf 88' lang='lat' dir='ltr'><strong>hunc</strong></span> <span class='ocrx_word' id='word_1_290' title='bbox 312 3441 496 3505; x_wconf 82' lang='lat' dir='ltr'><strong>ambientem,</strong></span> <span class='ocrx_word' id='word_1_291' title='bbox 519 3451 657 3507; x_wconf 87' lang='lat' dir='ltr'><strong>arantem,</strong></span> <span class='ocrx_word' id='word_1_292' title='bbox 675 3450 824 3495; x_wconf 73' lang='lat' dir='ltr'><strong>sementem</strong></span> <span class='ocrx_word' id='word_1_293' title='bbox 842 3442 871 3493; x_wconf 90' lang='lat' dir='ltr'><strong>in</strong></span> <span class='ocrx_word' id='word_1_294' title='bbox 891 3458 924 3494; x_wconf 91' lang='lat' dir='ltr'><strong>eo</strong></span> <span class='ocrx_word' id='word_1_295' title='bbox 941 3439 1218 3505; x_wconf 82' lang='lat' dir='ltr'><strong>facientem,&#39;hume·</strong></span> 
     </span>
     <span class='ocr_line' id='line_1_34' title="bbox 121 3512 1218 3595; baseline 0 -34"><span class='ocrx_word' id='word_1_296' title='bbox 121 3520 244 3563; x_wconf 74' lang='lat' dir='ltr'><strong>mantem</strong></span> <span class='ocrx_word' id='word_1_297' title='bbox 265 3520 348 3595; x_wconf 85' lang='lat' dir='ltr'><strong>atque</strong></span> <span class='ocrx_word' id='word_1_298' title='bbox 372 3512 568 3565; x_wconf 78' lang='lat' dir='ltr'><strong>calfacieutsm.</strong></span> <span class='ocrx_word' id='word_1_299' title='bbox 586 3512 654 3565; x_wconf 88' lang='lat' dir='ltr'><strong>haec</strong></span> <span class='ocrx_word' id='word_1_300' title='bbox 679 3513 770 3565; x_wconf 84' lang='lat' dir='ltr'><strong>omnia</strong></span> <span class='ocrx_word' id='word_1_301' title='bbox 790 3529 853 3565; x_wconf 78' lang='lat' dir='ltr'><strong>vero</strong></span> <span class='ocrx_word' id='word_1_302' title='bbox 877 3530 928 3582; x_wconf 90' lang='lat' dir='ltr'><strong>per</strong></span> <span class='ocrx_word' id='word_1_303' title='bbox 946 3512 1163 3564; x_wconf 74' lang='lat' dir='ltr'><strong>immutationem</strong></span> <span class='ocrx_word' id='word_1_304' title='bbox 1182 3512 1218 3561; x_wconf 90' lang='lat' dir='ltr'><strong>il-</strong></span> 
     </span>
     <span class='ocr_line' id='line_1_35' title="bbox 120 3580 1219 3654; baseline 0 -21"><span class='ocrx_word' id='word_1_305' title='bbox 120 3580 176 3633; x_wconf 84' lang='lat' dir='ltr'><strong>lam</strong></span> <span class='ocrx_word' id='word_1_306' title='bbox 195 3598 320 3651; x_wconf 79' lang='lat' dir='ltr'><strong>corporis</strong></span> <span class='ocrx_word' id='word_1_307' title='bbox 339 3583 382 3634; x_wconf 88' lang='lat' dir='ltr'><strong>sui</strong></span> <span class='ocrx_word' id='word_1_308' title='bbox 399 3584 530 3652; x_wconf 84' lang='lat' dir='ltr'><strong>perlicere</strong></span> <span class='ocrx_word' id='word_1_309' title='bbox 556 3600 730 3654; x_wconf 90' lang='lat' dir='ltr'><strong>nequaquam</strong></span> <span class='ocrx_word' id='word_1_310' title='bbox 746 3592 859 3654; x_wconf 88' lang='lat' dir='ltr'><strong>posset,</strong></span> <span class='ocrx_word' id='word_1_311' title='bbox 877 3585 976 3638; x_wconf 90' lang='lat' dir='ltr'><strong>sinon</strong></span> <span class='ocrx_word' id='word_1_312' title='bbox 995 3584 1109 3635; x_wconf 82' lang='lat' dir='ltr'><strong>eximiae</strong></span> <span class='ocrx_word' id='word_1_313' title='bbox 1126 3584 1219 3634; x_wconf 88' lang='lat' dir='ltr'><strong>cuius·</strong></span> 
     </span>
     <span class='ocr_line' id='line_1_36' title="bbox 122 3650 1219 3723; baseline -0.003 -18"><span class='ocrx_word' id='word_1_314' title='bbox 122 3650 184 3705; x_wconf 86' lang='lat' dir='ltr'><strong>dam</strong></span> <span class='ocrx_word' id='word_1_315' title='bbox 206 3652 404 3721; x_wconf 75' lang='lat' dir='ltr'><strong>magnitudinis</strong></span> <span class='ocrx_word' id='word_1_316' title='bbox 424 3654 555 3723; x_wconf 78' lang='lat' dir='ltr'><strong>singulari</strong></span> <span class='ocrx_word' id='word_1_317' title='bbox 572 3672 633 3707; x_wconf 90' lang='lat' dir='ltr'><strong>cum</strong></span> <span class='ocrx_word' id='word_1_318' title='bbox 653 3656 680 3706; x_wconf 85' lang='lat' dir='ltr'><strong>vi</strong></span> <span class='ocrx_word' id='word_1_319' title='bbox 698 3664 727 3707; x_wconf 91' lang='lat' dir='ltr'><strong>st</strong></span> <span class='ocrx_word' id='word_1_320' title='bbox 744 3654 902 3707; x_wconf 85' lang='lat' dir='ltr'><strong>efficacitate</strong></span> <span class='ocrx_word' id='word_1_321' title='bbox 921 3655 1103 3718; x_wconf 88' lang='lat' dir='ltr'><strong>coniunctae,</strong></span> <span class='ocrx_word' id='word_1_322' title='bbox 1121 3670 1219 3723; x_wconf 84' lang='lat' dir='ltr'><strong>quem·</strong></span> 
     </span>
     <span class='ocr_line' id='line_1_37' title="bbox 121 3723 1219 3795; baseline -0.002 -20"><span class='ocrx_word' id='word_1_323' title='bbox 121 3724 273 3775; x_wconf 83' lang='lat' dir='ltr'><strong>admodum</strong></span> <span class='ocrx_word' id='word_1_324' title='bbox 292 3732 321 3776; x_wconf 87' lang='lat' dir='ltr'><strong>et</strong></span> <span class='ocrx_word' id='word_1_325' title='bbox 337 3724 447 3777; x_wconf 89' lang='lat' dir='ltr'><strong>litteras</strong></span> <span class='ocrx_word' id='word_1_326' title='bbox 464 3742 555 3778; x_wconf 86' lang='lat' dir='ltr'><strong>sacrae</strong></span> <span class='ocrx_word' id='word_1_327' title='bbox 571 3732 720 3790; x_wconf 86' lang='lat' dir='ltr'><strong>testantur,</strong></span> <span class='ocrx_word' id='word_1_328' title='bbox 746 3735 826 3779; x_wconf 87' lang='lat' dir='ltr'><strong>esset.</strong></span> <span class='ocrx_word' id='word_1_329' title='bbox 845 3733 928 3795; x_wconf 84' lang='lat' dir='ltr'><strong>atque</strong></span> <span class='ocrx_word' id='word_1_330' title='bbox 946 3724 998 3777; x_wconf 87' lang='lat' dir='ltr'><strong>hac</strong></span> <span class='ocrx_word' id='word_1_331' title='bbox 1016 3742 1082 3777; x_wconf 90' lang='lat' dir='ltr'><strong>sane</strong></span> <span class='ocrx_word' id='word_1_332' title='bbox 1101 3723 1135 3775; x_wconf 90' lang='lat' dir='ltr'><strong>de</strong></span> <span class='ocrx_word' id='word_1_333' title='bbox 1153 3740 1219 3774; x_wconf 85' lang='lat' dir='ltr'><strong>cau-</strong></span> 
     </span>
     <span class='ocr_line' id='line_1_38' title="bbox 121 3792 1219 3866; baseline -0.003 -19"><span class='ocrx_word' id='word_1_334' title='bbox 121 3810 153 3847; x_wconf 85' lang='lat' dir='ltr'><strong>sa</strong></span> <span class='ocrx_word' id='word_1_335' title='bbox 170 3794 300 3847; x_wconf 80' lang='lat' dir='ltr'><strong>ridemus</strong></span> <span class='ocrx_word' id='word_1_336' title='bbox 331 3802 360 3847; x_wconf 91' lang='lat' dir='ltr'><strong>et</strong></span> <span class='ocrx_word' id='word_1_337' title='bbox 377 3796 448 3848; x_wconf 76' lang='lat' dir='ltr'><strong>atris</strong></span> <span class='ocrx_word' id='word_1_338' title='bbox 475 3796 643 3849; x_wconf 82' lang='lat' dir='ltr'><strong>adiectiones</strong></span> <span class='ocrx_word' id='word_1_339' title='bbox 664 3806 749 3850; x_wconf 85' lang='lat' dir='ltr'><strong>certes</strong></span> <span class='ocrx_word' id='word_1_340' title='bbox 768 3798 901 3860; x_wconf 81' lang='lat' dir='ltr'><strong>existere,</strong></span> <span class='ocrx_word' id='word_1_341' title='bbox 921 3794 1149 3866; x_wconf 87' lang='lat' dir='ltr'><strong>quemadmodum</strong></span> <span class='ocrx_word' id='word_1_342' title='bbox 1168 3792 1219 3846; x_wconf 92' lang='lat' dir='ltr'><strong>ds-</strong></span> 
     </span>
     <span class='ocr_line' id='line_1_39' title="bbox 122 3864 1219 3937; baseline -0.002 -21"><span class='ocrx_word' id='word_1_343' title='bbox 122 3866 230 3919; x_wconf 82' lang='lat' dir='ltr'><strong>darant</strong></span> <span class='ocrx_word' id='word_1_344' title='bbox 250 3874 361 3918; x_wconf 84' lang='lat' dir='ltr'><strong>exortas</strong></span> <span class='ocrx_word' id='word_1_345' title='bbox 380 3882 575 3935; x_wconf 85' lang='lat' dir='ltr'><strong>saepenumero</strong></span> <span class='ocrx_word' id='word_1_346' title='bbox 593 3867 728 3921; x_wconf 83' lang='lat' dir='ltr'><strong>novilunii</strong></span> <span class='ocrx_word' id='word_1_347' title='bbox 746 3877 870 3937; x_wconf 87' lang='lat' dir='ltr'><strong>tempore</strong></span> <span class='ocrx_word' id='word_1_348' title='bbox 891 3865 925 3919; x_wconf 93' lang='lat' dir='ltr'><strong>de</strong></span> <span class='ocrx_word' id='word_1_349' title='bbox 942 3886 1043 3920; x_wconf 84' lang='lat' dir='ltr'><strong>summa</strong></span> <span class='ocrx_word' id='word_1_350' title='bbox 1061 3864 1219 3934; x_wconf 84' lang='lat' dir='ltr'><strong>tranquilli-</strong></span> 
     </span>
     <span class='ocr_line' id='line_1_40' title="bbox 121 3937 1218 4008; baseline -0.001 -21"><span class='ocrx_word' id='word_1_351' title='bbox 121 3944 198 3999; x_wconf 90' lang='lat' dir='ltr'><strong>tate,</strong></span> <span class='ocrx_word' id='word_1_352' title='bbox 228 3945 373 3989; x_wconf 82' lang='lat' dir='ltr'><strong>ventorum</strong></span> <span class='ocrx_word' id='word_1_353' title='bbox 402 3938 522 3991; x_wconf 89' lang='lat' dir='ltr'><strong>omnium</strong></span> <span class='ocrx_word' id='word_1_354' title='bbox 549 3947 676 4007; x_wconf 77' lang='lat' dir='ltr'><strong>experte,</strong></span> <span class='ocrx_word' id='word_1_355' title='bbox 700 3938 920 4008; x_wconf 86' lang='lat' dir='ltr'><strong>perturbationes</strong></span> <span class='ocrx_word' id='word_1_356' title='bbox 953 3939 1023 3990; x_wconf 73' lang='lat' dir='ltr'><strong>airis</strong></span> <span class='ocrx_word' id='word_1_357' title='bbox 1043 3937 1218 4007; x_wconf 83' lang='lat' dir='ltr'><strong>repentinas,</strong></span> 
     </span>
     <span class='ocr_line' id='line_1_41' title="bbox 121 4006 1218 4079; baseline -0.002 -21"><span class='ocrx_word' id='word_1_358' title='bbox 121 4006 248 4059; x_wconf 84' lang='lat' dir='ltr'><strong>nubibus</strong></span> <span class='ocrx_word' id='word_1_359' title='bbox 275 4008 348 4059; x_wconf 87' lang='lat' dir='ltr'><strong>inter</strong></span> <span class='ocrx_word' id='word_1_360' title='bbox 367 4024 396 4059; x_wconf 88' lang='lat' dir='ltr'><strong>se</strong></span> <span class='ocrx_word' id='word_1_361' title='bbox 413 4008 515 4062; x_wconf 82' lang='lat' dir='ltr'><strong>collisis</strong></span> <span class='ocrx_word' id='word_1_362' title='bbox 534 4010 667 4079; x_wconf 83' lang='lat' dir='ltr'><strong>quasique</strong></span> <span class='ocrx_word' id='word_1_363' title='bbox 691 4008 908 4078; x_wconf 81' lang='lat' dir='ltr'><strong>confligentibus.</strong></span> <span class='ocrx_word' id='word_1_364' title='bbox 926 4009 1066 4061; x_wconf 83' lang='lat' dir='ltr'><strong>declarant</strong></span> <span class='ocrx_word' id='word_1_365' title='bbox 1086 4016 1113 4059; x_wconf 91' lang='lat' dir='ltr'><strong>ct</strong></span> <span class='ocrx_word' id='word_1_366' title='bbox 1131 4006 1218 4057; x_wconf 79' lang='grc' dir='ltr'><strong><em>λοιπε</em></strong></span> 
     </span>
     <span class='ocr_line' id='line_1_42' title="bbox 122 4078 1218 4151; baseline 0 -22"><span class='ocrx_word' id='word_1_367' title='bbox 122 4094 155 4129; x_wconf 84' lang='lat' dir='ltr'><strong>ac</strong></span> <span class='ocrx_word' id='word_1_368' title='bbox 173 4078 295 4131; x_wconf 80' lang='lat' dir='ltr'><strong>refluxus</strong></span> <span class='ocrx_word' id='word_1_369' title='bbox 309 4095 436 4149; x_wconf 84' lang='lat' dir='ltr'><strong>aquarum</strong></span> <span class='ocrx_word' id='word_1_370' title='bbox 449 4080 478 4130; x_wconf 91' lang='lat' dir='ltr'><strong>in</strong></span> <span class='ocrx_word' id='word_1_371' title='bbox 490 4082 604 4151; x_wconf 86' lang='lat' dir='ltr'><strong>euripis,</strong></span> <span class='ocrx_word' id='word_1_372' title='bbox 622 4079 725 4151; x_wconf 89' lang='lat' dir='ltr'><strong>illaque</strong></span> <span class='ocrx_word' id='word_1_373' title='bbox 744 4082 803 4149; x_wconf 87' lang='lat' dir='ltr'><strong>ipsa</strong></span> <span class='ocrx_word' id='word_1_374' title='bbox 819 4098 890 4151; x_wconf 88' lang='lat' dir='ltr'><strong>quae</strong></span> <span class='ocrx_word' id='word_1_375' title='bbox 908 4080 940 4133; x_wconf 84' lang='lat' dir='ltr'><strong>fit</strong></span> <span class='ocrx_word' id='word_1_376' title='bbox 957 4080 986 4131; x_wconf 90' lang='lat' dir='ltr'><strong>in</strong></span> <span class='ocrx_word' id='word_1_377' title='bbox 998 4079 1107 4130; x_wconf 78' lang='lat' dir='ltr'><strong>Oceano</strong></span> <span class='ocrx_word' id='word_1_378' title='bbox 1126 4078 1218 4144; x_wconf 82' lang='lat' dir='ltr'><strong>(quem</strong></span> 
     </span>
     <span class='ocr_line' id='line_1_43' title="bbox 122 4145 1218 4221; baseline -0.003 -24"><span class='ocrx_word' id='word_1_379' title='bbox 122 4151 238 4218; x_wconf 63' lang='lat' dir='ltr'><strong>soant)</strong></span> <span class='ocrx_word' id='word_1_380' title='bbox 255 4150 336 4203; x_wconf 84' lang='lat' dir='ltr'><strong>maris</strong></span> <span class='ocrx_word' id='word_1_381' title='bbox 366 4152 558 4219; x_wconf 82' lang='lat' dir='ltr'><strong>reciprocatio,</strong></span> <span class='ocrx_word' id='word_1_382' title='bbox 582 4168 661 4219; x_wconf 88' lang='lat' dir='ltr'><strong>quam</strong></span> <span class='ocrx_word' id='word_1_383' title='bbox 689 4152 800 4221; x_wconf 87' lang='lat' dir='ltr'><strong>quidem</strong></span> <span class='ocrx_word' id='word_1_384' title='bbox 818 4151 941 4203; x_wconf 88' lang='lat' dir='ltr'><strong>lromines</strong></span> <span class='ocrx_word' id='word_1_385' title='bbox 957 4150 1092 4202; x_wconf 84' lang='lat' dir='ltr'><strong>littoribus</strong></span> <span class='ocrx_word' id='word_1_386' title='bbox 1110 4145 1218 4197; x_wconf 82' lang='lat' dir='ltr'><strong>marinis</strong></span> 
     </span>
     <span class='ocr_line' id='line_1_44' title="bbox 124 4217 1219 4297; baseline -0.004 -26"><span class='ocrx_word' id='word_1_387' title='bbox 124 4218 240 4273; x_wconf 76' lang='lat' dir='ltr'><strong>finitimi</strong></span> <span class='ocrx_word' id='word_1_388' title='bbox 257 4236 308 4291; x_wconf 83' lang='lat' dir='ltr'><strong>per</strong></span> <span class='ocrx_word' id='word_1_389' title='bbox 326 4228 409 4275; x_wconf 82' lang='lat' dir='ltr'><strong>statas</strong></span> <span class='ocrx_word' id='word_1_390' title='bbox 427 4222 500 4277; x_wconf 80' lang='lat' dir='ltr'><strong>sicea</strong></span> <span class='ocrx_word' id='word_1_391' title='bbox 516 4221 598 4275; x_wconf 87' lang='lat' dir='ltr'><strong>lunae</strong></span> <span class='ocrx_word' id='word_1_392' title='bbox 621 4222 747 4277; x_wconf 86' lang='lat' dir='ltr'><strong>circuitus</strong></span> <span class='ocrx_word' id='word_1_393' title='bbox 766 4224 844 4297; x_wconf 87' lang='lat' dir='ltr'><strong>sequi</strong></span> <span class='ocrx_word' id='word_1_394' title='bbox 861 4220 1107 4292; x_wconf 84' lang='lat' dir='ltr'><strong>deprehenderunt.</strong></span> <span class='ocrx_word' id='word_1_395' title='bbox 1126 4217 1219 4269; x_wconf 83' lang='lat' dir='ltr'><strong>haete-</strong></span> 
     </span>
    </p>
   </div>
   <div class='ocr_carea' id='block_1_5' title="bbox 0 0 1504 4859">
    <p class='ocr_par' dir='ltr' id='par_1_5' title="bbox 0 0 1504 4859">
     <span class='ocr_line' id='line_1_45' title="bbox 0 0 1504 4859; baseline 0 0"><span class='ocrx_word' id='word_1_396' title='bbox 0 0 1504 4859; x_wconf 95' lang='lat' dir='ltr'><strong> </strong></span> 
     </span>
    </p>
   </div>
  </div>
 </body>
</html>
