3000 4859
274 292 358 377 218
612 316 826 381 αιειιοοιιυ
856 316 1021 381 oureus

274 476 313 534 λα
314 464 414 551 χάθτν
428 462 513 548 ἔχειν
528 463 636 551 ῥαφάς
651 467 768 549 πολλῆς
788 466 963 551 ἀσφαλείας
977 461 1141 542 ῦπάῦεσις·
1160 465 1359 549 ἔξατμιζεται

273 567 334 653 γάρ
348 571 470 632 ἐκεῖθεν
484 562 589 646 odric,
612 561 693 630 ιάστε
707 564 753 648 μη
766 567 1000 647 συμπνίμεσθαι
1012 559 1073 628 sind
1086 568 1148 629 coir
1160 566 1361 651 ἀναφερομέ-

273 690 338 734 νων
355 666 479 747 άτμτῦν.
521 663 621 749 πληγή
643 688 678 731 τε
701 663 736 729 εἴ
749 688 798 740 τις
827 666 1013 749 ἐπενεχθείη
1031 666 1125 747 ποτέ,
1147 664 1210 749 οῦχ
1230 666 1361 749 ὁλοσχε-

245 764 383 852 ιτριῦςῆ
412 760 516 849 βλάβη
536 762 676 847 γίνεται·
732 764 764 827 εί
792 766 850 845 μὲν
874 762 935 849 γάρ
964 766 999 829 ἓν
1030 766 1235 849 καὶσυνεχὲς
1261 759 1301 851 ἢν
1321 765 1358 831 τῦ

245 934 248 946 ,
274 868 402 946 α’στοῦν,
422 866 478 928 καί
504 867 563 945 μία
583 868 807 945 κατενεχθεῖσα
827 862 927 949 πληγη
949 860 984 927 τὸ
1012 866 1075 929 πᾶν
1092 864 1285 949 ἐλυμήνατο,
1315 868 1392 943 εἶς5

273 961 373 1029 πολλά
399 965 434 1027 δὲ
462 964 535 1027 νυνί
563 964 789 1046 διαιρουμένου
814 964 960 1045 γενέσθαι
979 964 1071 1027 τοῦτο
1090 963 1215 1040 πάντως
1236 963 1363 1051 α’μὴχσ-

273 1086 335 1129 νον.
378 1065 410 1129 εἰ
439 1060 502 1147 γάρ
526 1060 583 1126 καὶ
601 1063 743 1146 συμβαίη
763 1062 924 1145 τρωθῆναι
945 1064 1041 1146 μέρος
1062 1063 1111 1144 ἓν,
1132 1060 1251 1147 ἀνάγκη
1272 1066 1362 1129 πάσα

273 1160 310 1227 τά
334 1171 402 1227 κατ’
433 1165 532 1226 ε’κεῖνσ
561 1159 597 1226 τά
633 1168 730 1245 μέρος
758 1162 898 1242 κείμενον
918 1158 1033 1225 άστσῦν
1055 1162 1362 1244 παραβλάατεσθαι,

274 1258 370 1347 άσινῆ
389 1263 425 1327 δὲ
443 1260 482 1327 τά
502 1258 595 1325 λοιπά
616 1258 718 1325 πάντα
740 1258 1031 1346 διαφυλάττεσθαι,
1053 1264 1112 1324 τοῦ
1132 1253 1286 1345 συνεχοῦς
1307 1264 1364 1345 τῆς

273 1364 393 1446 πληγῆς
412 1363 656 1441 διακοπτομίιου
678 1362 719 1447 ιη’
738 1362 802 1425 τῶν
826 1356 928 1424 dccciv
941 1362 1106 1443 διαιρέσει.
1149 1360 1226 1444 περί
1245 1362 1281 1425 os
1299 1364 1364 1426 τῦν
1378 1384 1417 1426 ιο

274 1463 332 1545 τῆς
354 1463 494 1547 κεφαλῆς
514 1456 758 1544 περιττωμάτων
777 1462 812 1523 τί
830 1457 893 1544 χρὴ
917 1457 973 1523 καί
992 1463 1108 1542 λέγειν,
1131 1457 1215 1544 εἴγε
1234 1462 1291 1537 τὰς
1311 1464 1365 1525 ἐκ-

247 1564 395 1644 εκρίσετς
423 1556 530 1624 adesir
539 1608 549 1640 ,
583 1554 627 1633 οῦς
645 1554 743 1645 ὁρᾷς,
776 1550 975 1643 ἢάσφρησις
997 1557 1210 1623 πεπίστευται.
1252 1558 1366 1643 ἐπειδη

276 1656 337 1745 γάρ
366 1656 440 1734 τούς
467 1655 612 1721 κάτωθεν
643 1657 921 1739 ἀναπεμπομένους
943 1656 1062 1738 α’τμοίις
1090 1652 1135 1732 οῦς
1155 1656 1365 1743 ῦπερτειμὲνη

278 1752 357 1843 αῦτη
378 1760 436 1822 τοῦ
456 1752 600 1838 σώματος
613 1751 838 1839 ,ῦποιλὲχεοθαι
866 1754 997 1835 εἴωθεν,
1022 1756 1039 1841 ἢ
1061 1758 1096 1821 δὲ
1117 1754 1241 1821 τοάτων
1261 1762 1366 1839 πλημ.

276 1853 366 1941 μάρα
395 1853 511 1941 πολλὴν
547 1850 587 1920 ds·
613 1854 776 1939 εἰργάσατο
802 1858 845 1944 τῷ
872 1852 1034 1944 ἐγκεφάλῳ
1061 1852 1117 1939 την
1141 1852 1263 1939 λώβην,
1289 1856 1365 1921 οῦῦὲ
1382 1860 1419 1921 15

277 1954 390 2020 τοῦτον
421 1956 632 2039 κατημέλησεν
656 1953 674 2017 d
696 1957 760 2019 τάν
790 1952 938 2020 ἁπάντων
965 1951 1113 2037 ποιητής,
1149 1952 1229 2018 α’λλά
1250 1953 1369 2038 πόρους

278 2054 366 2130 τινάς
397 2058 431 2119 ἐν
457 2062 522 2129 τοῖς
547 2057 667 2130 α’στίοις
693 2054 906 2137 ἐργασάμενος
939 2050 975 2117 τά
999 2049 1081 2137 ῦγρά
1103 2056 1159 2143 καί
1177 2055 1281 2135 παχέα
1304 2056 1369 2117 τῶν

279 2155 522 2239 περιττωμάτων
545 2156 601 2219 ἐντί
620 2152 678 2239 την
699 2151 844 2239 ὑπερῴαν
858 2151 914 2216 κοί
930 2152 1003 2227 τοῦς
1024 2154 1187 2236 μυκτῆρας
1209 2149 1370 2236 ολιλάγησε,

280 2257 336 2319 καί
356 2252 414 2317 ιλάο
442 2250 565 2329 τούτοις
589 2250 757 2336 λακρίσεων
786 2252 935 2333 α’πὲνειμι
954 2246 1061 2333 μόρια,
1084 2252 1134 2315 ἳνα
1156 2247 1315 2329 συντόμως
1332 2250 1367 2315 τά

280 2352 433 2437 βλαβερὸν
446 2354 630 2440 ἐκφορῆται.
653 2348 689 2417 τά
706 2354 742 2416 de'
754 2374 788 2435 ys
802 2352 947 2432 ἀ’τμιῦιλες
964 2351 1142 2431 περίττωμα
1166 2346 1218 2413 διά
1231 2352 1292 2414 τιῦν
1308 2352 1369 2413 τοῦ
1378 2382 1422 2422 20

281 2456 411 2539 κρανίου
438 2453 553 2539 ῥοφῶν
582 2446 705 2517 ἄνωθεν
733 2456 909 2531 ἐξωθεῖται.
953 2447 998 2531 μη’
1029 2448 1174 2529 θαύμαζε
1196 2445 1229 2513 εἴ
1244 2468 1278 2531 γε
1302 2466 1370 2531 ψυ-

249 2580 274 2633 1)
282 2550 359 2639 χράς
380 2554 465 2617 ε’στιν
486 2548 503 2615 ὃ
523 2553 696 2637 ἐγκέφαλος
717 2550 825 2638 φάσει,
847 2554 903 2615 καί
923 2544 969 2615 ὅτι
989 2550 1118 2630 μείζονα
1141 2552 1252 2613 τοῦτον
1274 2543 1290 2611 ὃ
1313 2539 1370 2611 άν-

283 2854 347 2915 lum,
365 2852 522 2923 pulmonem
541 2850 678 2918 adiunxit,
705 2868 741 2905 ne
759 2862 787 2907 et
803 2855 892 2924 ipsum
906 2854 940 2908 sd
957 2872 1018 2908 ossa
1029 2860 1141 2925 propter
1158 2854 1370 2924 perpetuitatem

281 2934 370 2977 motus
396 2923 562 2975 allideretur.
592 2924 659 2994 quin
680 2924 750 2976 illud
772 2925 870 2989 etiem,
894 2928 968 2997 quod
988 2944 1043 2979 non
1061 2926 1217 2977 continuum
1239 2932 1267 2975 et
1286 2942 1371 2975 sinum

282 2996 319 3047 slt
336 3011 365 3046 os
384 3010 439 3063 quo
458 2995 597 3047 cerebrum
615 2996 723 3063 tegitur,
737 2996 786 3047 sed
806 2997 879 3049 omni
899 3014 933 3049 ex
950 3006 1026 3067 purte
1043 3003 1149 3048 suturas
1162 2995 1271 3059 habeat,
1288 3012 1371 3064 quam

280 3064 419 3137 praeclare
439 3066 591 3119 consultum
611 3066 722 3119 sanitati
741 3074 850 3119 nostrae
869 3068 919 3133 sit,
941 3076 1096 3137 argumento
1111 3076 1159 3119 est.
1177 3084 1238 3117 nam
1258 3080 1306 3135 per
1325 3082 1372 3117 eas

279 3149 392 3205 sopores
410 3150 472 3188 euos
491 3137 608 3202 emittit,
628 3154 663 3189 ne
681 3154 732 3207 per
750 3137 850 3191 halitus
867 3156 973 3191 sursum
991 3136 1187 3191 contendentes
1207 3142 1373 3203 suffocetur3

280 3204 422 3258 eteoclem
441 3210 547 3260 ratione
568 3209 761 3279 consequimur
786 3216 818 3261 ut
835 3210 910 3263 illata
931 3210 1003 3262 sorte
1024 3208 1135 3261 cerebro
1155 3210 1233 3279 plngn
1253 3224 1288 3259 no
1328 3216 1374 3258 to-

280 3286 340 3329 tum
360 3277 457 3329 lnedst.
477 3281 579 3349 quippe
599 3281 621 3331 si
639 3296 668 3332 os
690 3280 850 3332 continuum
869 3290 897 3334 et
915 3298 998 3333 unum
1016 3282 1100 3343 foret,
1129 3278 1164 3331 ab
1185 3296 1239 3331 uno
1256 3224 1371 3329 vulnere

279 3354 368 3399 totum
394 3348 558 3403 laederetur.
581 3366 655 3403 nuno
684 3368 744 3403 cum
768 3352 797 3405 in
820 3366 879 3404 ossa
902 3352 980 3423 plura
1006 3352 1122 3403 divisum
1150 3352 1202 3414 sit,
1230 3350 1288 3401 lieri
1319 3348 1373 3400 hoc

280 3418 391 3470 omnino
409 3438 444 3471 ne
466 3423 513 3474 uit.
531 3438 601 3484 narn,
617 3422 640 3474 si
657 3423 772 3475 maxime
800 3438 862 3495 pers
881 3441 936 3475 una
955 3424 1127 3485 vulneretur,
1148 3438 1257 3473 necesse
1277 3426 1318 3470 est
1336 3418 1372 3469 il-

280 3486 329 3539 lud
347 3504 378 3542 os
394 3438 468 3544 laedi
496 3492 572 3564 qood
596 3494 645 3546 illa
670 3487 712 3546 es't
732 3496 762 3546 in
782 3500 858 3565 parte
877 3495 976 3557 situm,
997 3510 1057 3545 curn
1077 3492 1171 3544 illaeso
1189 3499 1296 3543 caetera
1314 3506 1372 3539 ma-

279 3568 379 3625 neant,
396 3563 516 3616 vulneris
533 3565 714 3617 continuitate
740 3580 789 3636 per
810 3566 910 3618 ossium
941 3564 1102 3616 divisionem
1124 3565 1281 3633 interrupte.
1303 3558 1371 3631 quid

282 3628 317 3681 de
336 3633 432 3703 capitis
452 3638 629 3689 excrementis
650 3635 758 3689 dicam?
779 3652 894 3708 quorum
914 3634 1045 3705 egestioni
1064 3650 1142 3686 nares
1165 3642 1242 3696 sunt,
1273 3632 1313 3683 uti
1330 3632 1373 3681 vi-

197 3754 204 3760 .
281 3698 346 3765 des,
365 3702 524 3759 destinatae.
554 3726 613 3760 cum
635 3709 706 3760 enim
724 3716 807 3778 caput
825 3714 955 3778 tanquam
981 3722 1133 3777 supremum
1154 3706 1182 3756 in
1200 3716 1312 3773 corpore
1330 3700 1373 3751 lo·

281 3786 343 3823 cuns
361 3788 536 3831 consecutum
554 3796 669 3850 vapores
690 3778 816 3832 deorsum
834 3778 1029 3832 adscendentes
1048 3778 1171 3846 excipere
1189 3774 1283 3837 solent,
1302 3787 1373 3841 quo·

281 3858 341 3895 rum
359 3848 539 3902 redundantia
563 3850 675 3903 cerebro
702 3852 850 3921 plurimum
876 3848 1034 3902 detrimenti
1065 3848 1324 3907 allocutionum
1344 3840 1372 3891 id

281 3912 394 3987 quidem
412 3922 505 3991 opifex
521 3922 570 3975 ille
597 3939 685 3973 rerum
703 3922 841 3991 negligere
859 3922 962 3983 voluit,
991 3919 1039 3972 sed
1056 3916 1219 3991 quibusdam
1237 3912 1371 3966 meatibus

281 3988 384 4042 edecus
403 3992 431 4043 in
461 3992 527 4077 ipsis
553 3992 659 4045 ossibus
681 4000 853 4045 excrementa
871 3991 984 4045 humida
1007 4000 1035 4043 et
1053 4004 1140 4043 crasse
1159 3988 1188 4039 in
1204 3987 1322 4056 palatum
1342 3998 1373 4033 ec

281 4072 360 4112 usses
377 4058 507 4126 deducit,
525 4078 593 4134 quos
610 4066 681 4133 ipses
700 4078 811 4135 quoque
837 4060 904 4114 duas
923 4064 951 4115 iu
970 4070 1060 4133 purten
1079 4059 1187 4123 divisit,
1207 4057 1308 4127 quibus
1326 4070 1373 4105 es-

281 4130 367 4183 cretio
384 4130 447 4193 uas,
466 4141 497 4186 ut
513 4134 715 4205 compendiaria
733 4134 812 4204 quasi
831 4136 874 4187 vis
892 4134 1066 4203 breviterque
1083 4130 1163 4182 noxie
1182 4134 1324 4197 egerantur
1345 4130 1373 4174 et

282 4208 451 4257 maturate
470 4220 574 4261 ιατιααι
592 4203 748 4257 exhalantia
766 4222 814 4278 per
836 4206 920 4257 cranii
941 4212 1047 4258 suturas
1065 4218 1169 4256 sursum
1189 4198 1370 4269 expelluntur·
