3000 4859
470 237 682 391 emensum
711 323 814 388 usus
847 321 900 388 ιι.
1130 301 1214 393 563

127 481 242 565 parissi
257 497 332 544 ποτε
343 475 432 542 ’κατὰ
441 478 509 564 ,την
527 468 669 562 μεγόλην
696 481 840 560 πέμπτην
859 473 877 542 ό
898 475 1070 562 ἱπποκόμος
1086 485 1216 564 ἐπιστὰς
1225 497 1252 551 Ρ.
1264 499 1315 554 ουτ

130 578 237 664 ἔλεγεν
255 578 299 655 σός
318 569 383 660 ἄρα
402 586 547 642 τετοκυῖα
570 573 621 662 εἴη
641 579 793 661 όπίσημος
813 573 949 664 φορβός.
990 576 1058 644 ὁδ’
1075 581 1138 648 eiua*
1160 609 1217 651 πε-

131 679 298 762 ριχαρείας
322 674 358 740 τό
392 676 447 758 τῆς
478 679 571 750 θείοις
600 672 800 756 λειτουργίας
827 671 1001 741 ὑπόλοιπον
1032 677 1075 754 ὥς
1103 679 1217 768 ἔτυχεν

133 773 385 859 ἀποπληρώσας,
417 774 570 854 δρομαῖος
588 774 768 860 όφικνεϊται
788 771 869 859 πρός
889 771 924 838 τό
948 777 1139 862 Κυσμιθιον,
1162 785 1219 848 καί

103 873 193 943 bria.
213 872 367 956 τεχθέντα
396 872 501 937 πῶλον
533 867 683 957 ἑωρακώς
713 872 809 936 πόλιν
838 872 1020 955 ὑπέστρεψε
1027 924 1037 956 ,
1067 875 1126 960 τήν
1153 885 1228 945 τεόν

132 967 233 1056 ἇγίοον
261 974 377 1036 παθόν
404 972 575 1037 ritualium
603 969 776 1059 όμνῳόιαν.
826 968 978 1054 βιοτεύων
998 967 1056 1038 οὖν
1075 973 1218 1054 ἀτάκτως

132 1072 347 1155 καταστρέφει
381 1069 439 1134 τόν
465 1072 538 1151 βίον
563 1065 598 1135 όν
615 1091 677 1134 τινι
709 1068 811 1150 τείχει
843 1070 906 1135 τόν
933 1077 1217 1158 nupserimus,

132 1172 312 1252 θραυσθεὶς
336 1165 548 1249 ἱππαζόμενος
577 1171 633 1232 καί
652 1158 733 1248 αἷμα
766 1164 818 1230 διό
841 1171 900 1231 rori
919 1166 1072 1250 στόματος
1097 1175 1217 1257 α’ναμα.

132 1266 216 1354 γοόν·
271 1266 419 1333 ἐντεῦθεν
449 1265 512 1353 γὰρ
542 1269 635 1333 iunia
663 1264 746 1332 όττσι
775 1267 1017 1352 νοσηλευόμενος
1037 1275 1094 1336 καί
1112 1273 1217 1362 usian
1311 1285 1315 1292 '

75 1364 315 1452 ,εοπεριπεσεόν
333 1365 553 1452 ἐτελεύτησεν,
582 1367 733 1448 εόνοόχος
762 1359 808 1429 siv
838 1363 895 1431 καί
920 1364 974 1442 τός
995 1366 1246 1454 Ῥουφινιανόςῐε

134 1463 360 1549 οἰκοδομήσας,
384 1464 428 1542 τός
445 1471 630 1551 γέγραπται.
682 1467 919 1551 προχειρίζεται
939 1471 1015 1550 γαόν
1034 1471 1096 1535 α’ντ’
1118 1471 1219 1538 aursi

133 1568 237 1647 τίμιος
267 1564 368 1651 όνὴρ,
388 1563 592 1646 Πολύευκτος
620 1557 777 1646 τοῦνομα,
799 1563 940 1648 μοναχός
967 1560 1012 1632 τόν
1032 1568 1088 1633 καί
1106 1572 1221 1636 παιόό-

134 1669 194 1730 θεν
213 1659 276 1729 όπό
296 1665 412 1746 γονέων
432 1663 669 1745 εόνσυχισθτίς,
698 1663 738 1727 ari
759 1664 819 1727 τοῦ
834 1663 1043 1750 Ἡρακλείοις,
1064 1667 1108 1745 οός
1127 1667 1220 1753 ἔθος,

135 1760 219 1830 α’λλοὶ
236 1765 413 1830 Βασιλειλευ
430 1764 490 1828 ruri
501 1764 702 1845 Καισαρείας
719 1758 778 1847 τὴν
799 1763 1004 1849 χειροθεσίαν
1021 1769 1223 1853 πεπληρωκό-

85 1859 210 1938 εὸτος·
260 1859 445 1948 Νικηφόρος
463 1856 526 1945 γὰρ
548 1859 567 1926 ό
586 1864 641 1945 τῆς
659 1855 848 1944 Ἡρακλείας
867 1858 1039 1949 πρόεδρος,
1065 1867 1109 1953 τῷ
1126 1873 1222 1950 βασι.

136 1968 190 2028 lei
204 1961 285 2027 κατά
304 1985 338 2026 τι
356 1961 636 2047 προσκεκρουκώς,
655 1959 695 2024 uei
713 1955 924 2046 συνεχωρήθη
942 1960 1000 2045 την
1020 1969 1223 2048 χειροθεσίαν

135 2058 342 2144 ποιήσασθαι.
391 2055 547 2128 δθενκαό
563 2057 664 2142 ψόγος
695 2059 760 2139 οόχ
793 2057 813 2121 ό
845 2057 953 2142 ευχοόν
971 2064 1161 2149 προσετρίβη
1182 2066 1223 2130 ori

137 2162 182 2248 τῷ
199 2162 413 2251 προτρέψαντι
445 2159 507 2223 καί
528 2157 787 2242 χειροτονήσαντι
812 2153 926 2239 μόνον,
959 2158 1041 2225 aliisi
1060 2164 1116 2228 ani
1133 2167 1224 2252 ου’τηλ

137 2260 184 2346 τῷ
208 2259 462 2343 χειροτονηθέντι
482 2253 528 2333 uic
549 2256 789 2343 καταόεξαμόνρ
817 2252 875 2340 τήν
893 2255 1098 2324 α’κανόνιστον
1114 2281 1223 2348 χειρο-

88 2375 133 2420 ao
141 2359 267 2424 θυσίαν.

220 2453 382 2538 Ῥωμανός
410 2458 446 2520 il
471 2449 567 2521 ότοό
585 2455 742 2537 βασιλέως
764 2455 1004 2522 Κυνσταντόυυ
1022 2452 1093 2534 υἱός
1112 2464 1255 2532 rsko-c

140 2729 268 2783 nimirum
285 2743 320 2782 eo
336 2743 410 2782 mera
434 2735 580 2798 peragente
603 2727 749 2800 aliquando
775 2743 888 2798 mugnus
915 2729 1028 2851 peintus
1058 2727 1142 2783 leriae
1166 2731 1228 2798 die,

140 2808 292 2854 curatorem
319 2815 450 2870 equorum
465 2800 626 2863 accessisse,
650 2816 683 2850 sc
701 2799 864 2868 significasse
882 2815 918 2852 uo
939 2800 1077 2853 ilissimam
1097 2818 1226 2873 equarum

178 2872 286 2940 perisse.
303 2878 359 2922 tum
376 2869 452 2922 illum
469 2885 535 2940 pree
554 2869 639 2921 nimiu
656 2869 754 2937 gaudio
774 2887 803 2921 re
819 2887 893 2922 eacm
910 2880 1047 2941 utcunque
1060 2879 1172 2942 peracta
1190 2875 1226 2925 ad

140 2888 307 2994 &remidium
337 2940 498 3004 cucurrisse,
519 2940 632 3010 visoque
662 2940 740 3010 pullo
769 2955 861 2992 recens
887 2940 978 3005 edito,
1005 2959 1067 2994 mon
1092 2959 1225 2996 reversum

141 3028 218 3074 esse,
236 3020 268 3064 nt
283 3011 319 3063 ‹le
342 3012 485 3063 servatoris
508 3013 594 3062 nostri
611 3027 661 3080 pro
681 3009 760 3061 uobis
778 3009 895 3062 tolerato
914 3011 1049 3081 supplicio
1065 3011 1226 3080 hymnorum

141 3082 328 3134 recitationem
346 3079 380 3132 asi
398 3081 479 3132 linem
495 3081 662 3150 perduceret.
678 3079 772 3150 itaque
788 3082 870 3132 vitum
884 3081 1045 3134 insolentem
1065 3101 1146 3153 agens
1165 3095 1227 3138 tau-

142 3153 205 3205 dem
219 3162 342 3213 mortuus
369 3160 412 3203 est
434 3151 464 3204 iu
487 3150 599 3202 cartello
618 3149 736 3221 quodam
761 3151 913 3214 maritimo,
932 3169 992 3204 cum
1011 3153 1083 3204 inter
1100 3157 1228 3226 equitan-

141 3223 208 3275 dum
226 3221 329 3294 aliquid
346 3221 438 3274 ‹lamni
456 3222 604 3290 accepisset
621 3237 652 3273 ac
669 3237 719 3290 per
736 3235 767 3272 os
783 3221 938 3290 sanguinem
956 3224 1075 3276 eiiceret.
1093 3243 1156 3278 nans
1178 3227 1227 3280 ubi

140 3294 196 3346 huc
213 3293 266 3364 ipsi
281 3291 437 3356 occillaret,
457 3300 543 3345 tutum
560 3291 701 3343 biennium
718 3307 780 3343 cum
805 3292 901 3344 morbo
919 3293 1087 3346 conflictatus
1106 3306 1134 3348 et
1154 3313 1226 3367 sque

139 3367 275 3417 intercute
293 3371 430 3432 correptus
449 3361 559 3415 vivendi
579 3361 659 3413 finem
673 3361 745 3414 fecit
763 3370 821 3415 erat
842 3371 932 3414 autem
950 3364 1105 3428 eunuchus,
1123 3373 1152 3419 et
1169 3369 1225 3418 liu.

142 3435 273 3497 liniauss,
290 3449 340 3486 ceu
353 3433 496 3485 memoriae
510 3431 647 3502 proditum
664 3431 787 3500 legimns,
806 3431 972 3485 condiderat.
992 3433 1153 3488 eubstitntus
1170 3439 1224 3491 suit

141 3509 174 3560 in
190 3507 274 3576 ἱρεῖαι
291 3505 381 3557 iocum
397 3504 439 3556 vir
456 3503 567 3556 omnino
590 3502 776 3565 venerandus,
801 3503 910 3554 nornine
933 3505 1110 3571 Polyenctus‚
1128 3509 1223 3560 solita-

139 3577 200 3630 riae
216 3577 287 3628 sitae
301 3581 418 3628 sectator
436 3581 466 3628 et
481 3574 545 3626 inde
562 3591 594 3626 εεε
615 3590 650 3624 ue
668 3591 684 3624 a
707 3589 793 3642 puero
811 3573 844 3626 de
862 3583 1002 3643 parentum
1019 3577 1159 3629 voluntate
1178 3595 1224 3630 ea·

140 3655 249 3700 etratus.
275 3662 365 3718 neque
383 3660 449 3696 vero
470 3645 582 3696 antistes
596 3591 788 3695 ίόόεεειελὶοιεείτ
817 3645 904 3713 ἰρεεεεεε
920 3662 969 3715 pro
999 3663 1072 3698 more
1092 3649 1224 3702 maiorum

138 3717 339 3785 inaugurabat‚
360 3713 409 3769 sed
427 3713 572 3768 Caesareae
594 3713 719 3785 pontifex
732 3714 860 3766 Basilius:
880 3729 941 3766 uam
956 3733 1064 3787 ρετινετ
1077 3718 1223 3771 Heracleae

140 3787 310 3857 Nicephorius
330 3787 446 3858 quaslm
466 3787 496 3838 iu
515 3801 594 3836 causa
612 3785 801 3855 imperatorem
818 3785 976 3850 offenderet,
994 3787 1111 3857 ideoque
1129 3805 1223 3842 manus

140 3860 283 3928 imponere
308 3859 452 3926 Polyeuctu
480 3857 631 3909 vetabatur.
659 3855 723 3908 binc
741 3855 840 3908 sactrrm
860 3865 892 3908 ut
910 3873 967 3910 uon
984 3865 1088 3910 tuntum
1108 3861 1224 3926 impera-

140 3937 202 3993 tor,
219 3930 267 3999 qui
285 3928 350 3982 iacti
367 3929 447 3981 huius
465 3936 557 3980 auctor
574 3926 677 3990 fuerat,
700 3935 728 3980 et
744 3927 878 3990 Rutiliae,
899 3930 946 3997 qui
966 3930 1153 3998 obtemperem
1171 3931 1223 3980 im-

140 4001 261 4072 peratori
288 3999 466 4070 patriarcham
491 4004 704 4061 consecraverat,
724 3996 773 4049 sed
795 3997 876 4050 etiam
895 3999 983 4069 isqui
1004 3999 1223 4063 consecrabatur,

140 4072 222 4124 ralrls
238 4072 450 4140 vituperaretur,
476 4066 649 4138 quodmodo
667 4075 696 4119 et
722 4069 826 4120 ratione
843 4085 859 4118 a
876 4085 1009 4121 sacrorum
1028 4083 1160 4122 canonum
1178 4069 1222 4122 iu-

142 4143 246 4196 stitutis
262 4140 420 4193 abhorrenti
438 4155 564 4191 manuum
583 4139 782 4207 impositionem
802 4147 959 4190 consecutus
981 4139 1083 4190 suisset.

214 4213 281 4266 Cum
299 4220 389 4266 autern
406 4211 540 4264 Romanus
558 4208 733 4264 Constantini
754 4209 922 4280 imperatoris
941 4209 1012 4262 lilius
1028 4218 1144 4263 aetatem
1158 4223 1222 4283 pera
