3000 4859
241 1086 479 1163 IOHANNIS
508 1085 1183 1176 LEWNKLAV11,AMELBURN1,

368 1256 415 1307 ln
436 1254 646 1308 osssnoson
669 1256 715 1309 rr
734 1257 927 1309 norsrnssr
943 1258 1057 1312 wenni
1237 1218 1242 1227 ’

217 1406 508 1477 lonensem
538 1409 791 1479 senonens
820 1396 1205 1497 Krr'tscrnsoos,

406 1573 524 1629 oneror
541 1574 585 1627 ,tc
602 1574 822 1628 onnncsvne
840 1576 1013 1631 nostrssnr
1237 1544 1241 1550 ’

334 1724 380 1785 ΙΝ
403 1722 615 1785 ANNALES
642 1723 839 1786 GLYCAE
864 1724 1085 1787 Lthros

522 1856 901 1982 prooemiis

166 2280 231 2373 Est
249 2313 285 2373 in
303 2312 419 2375 familia
440 2312 576 2375 Caesaris
597 2314 718 2392 nostri,
739 2312 894 2394 Domine,
915 2312 967 2375 vir
987 2320 1143 2395 praestans
1165 2310 1253 2393 inge.

166 2412 237 2492 nio,
259 2413 446 2496 cognitionis
471 2414 637 2493 varietate,
667 2434 772 2475 rerum
795 2436 869 2491 osu,
890 2421 924 2475 et
941 2413 1059 2475 virtute
1080 2432 1254 2494 propemo.

167 2508 238 2573 dnm
272 2513 443 2596 singulari,
473 2515 641 2577 Sombuous
670 2513 724 2577 ille
742 2535 845 2587 meum
879 2514 965 2575 cuius
993 2534 1051 2597 ego
1071 2515 1254 2597 frequenter

166 2612 245 2695 opud
267 2615 402 2693 amicos,
429 2623 461 2677 et
487 2615 619 2677 iucunde
647 2614 791 2698 quidem,
819 2614 979 2677 reeordari
1006 2615 1102 2677 soleo.
1124 2635 1195 2675 nam
1216 2614 1253 2676 iis

164 2712 298 2793 dotibus,
316 2736 412 2797 supro
431 2716 605 2799 complures
626 2714 717 2777 huius
735 2716 842 2778 aetatis
853 2738 889 2779 ex
908 2714 1053 2776 doctrino
1072 2715 1172 2775 claros
1188 2714 1252 2777 ho.

163 2815 280 2893 minos,
311 2814 456 2877 divinitus
484 2824 529 2879 est
556 2824 737 2895 exornatus,
771 2824 808 2878 nt
835 2816 918 2878 inter
944 2836 1002 2877 nos
1022 2816 1085 2877 ism
1105 2813 1252 2877 absonis

161 2914 285 2999 aliquot
304 2916 471 2979 amicitiam
507 2938 572 2979 non
592 2917 750 3000 vulgarem
780 2916 888 2979 eirisse
908 2936 973 2977 non
992 2938 1029 2977 ex
1047 2916 1150 2976 animo
1173 2934 1252 2996 geu.

162 3012 250 3077 deam
271 3015 394 3091 solum,
414 3038 523 3080 rerum
545 3018 637 3079 etism
654 3018 687 3079 in
715 3017 817 3101 eliqua
836 3015 990 3079 felicitatis
1011 3025 1102 3099 porte
1120 3037 1249 3099 ponam.

160 3135 217 3175 eur
239 3115 326 3178 enim
347 3116 433 3178 illum
453 3116 611 3179 hominem
630 3140 694 3179 non
717 3117 843 3179 maximi
861 3116 989 3195 faeiem,
1013 3118 1068 3200 qui
1088 3117 1252 3199 poblioetis

160 3214 295 3299 egregiis
315 3214 431 3299 ingenii
450 3219 677 3296 monumentis,
705 3218 894 3280 emblematis
922 3218 1055 3279 solerter
1073 3217 1253 3301 excogitatis

161 3324 191 3377 et
210 3338 274 3399 per
295 3309 405 3401 argnto
419 3318 571 3401 quaedam
594 3318 698 3402 idyllia
717 3316 888 3395 declaratis,
909 3316 1096 3379 Dioscoride
1114 3326 1252 3401 purgato

159 3423 190 3477 et
210 3416 389 3495 illustrato,
414 3418 600 3480 varietatum
622 3418 708 3479 libris
728 3439 794 3479 non
815 3418 872 3479 illis
885 3417 1013 3503 quidem
1035 3416 1136 3479 odhuo
1151 3416 1252 3499 editis,

157 3514 210 3577 sed
231 3536 292 3577 suo
313 3524 417 3580 temen
435 3526 576 3602 tempore
595 3518 811 3601 proferendis,
831 3540 935 3579 omnes
955 3518 986 3578 in
1011 3517 1250 3583 admirationem

156 3616 203 3678 sni
225 3616 336 3699 rapit?
368 3640 409 3681 ne
432 3618 531 3681 diram
552 3628 703 3703 qnantum
725 3619 758 3681 in
778 3639 816 3680 eo
837 3616 935 3681 lendis
956 3628 1116 3680 mereator
1135 3640 1252 3703 perre-

155 3716 318 3799 sligsndse
339 3719 531 3804 antiquitatis
551 3718 732 3782 indefessum
751 3740 825 3782 sone
842 3718 995 3797 studium,
1016 3742 1082 3803 quo
1101 3740 1165 3781 non
1185 3718 1252 3782 sino

154 3818 279 3901 magnis
300 3817 442 3901 impensis
472 3829 521 3881 tot
542 3820 696 3882 rarissimo
718 3820 894 3902 pm'soorom
915 3820 1099 3881 numismata
1116 3820 1252 3904 congni-

154 3920 251 3998 sivit,
273 3928 322 3980 tot
343 3920 469 3983 eximios
501 3922 534 3982 in
565 3922 650 3983 omni
684 3918 917 4003 disciplinarum
946 3940 1059 4003 genere
1090 3918 1188 3981 libros
1206 3919 1248 3979 als

152 4020 292 4084 interitu
309 4020 497 4096 vindicavit3
518 4044 595 4105 quos
615 4022 698 4105 ipsos
710 4020 841 4082 aliorum
857 4019 1056 4105 quorundam
1069 4018 1249 4081 invidorum

153 4140 250 4181 more
271 4140 332 4181 non
352 4122 436 4183 intra
456 4142 594 4185 carceres
618 4130 650 4185 et
670 4130 756 4203 septo
769 4122 893 4203 privata
905 4129 1049 4201 coercet,
1070 4118 1124 4181 sed
1144 4117 1248 4179 animo

153 4218 301 4299 lubente,
324 4242 402 4306 quae
425 4222 484 4285 riri
506 4222 698 4307 perhumane
709 4222 882 4305 benignius
903 4230 935 4285 st
948 4216 1148 4285 memorande
1168 4216 1251 4281 lihe-
