3000 4859
304 298 357 413 78
641 316 857 392 ιιιεειιειιε,
887 317 1051 382 οιιοιε

300 483 360 562 μὲν
384 476 443 562 γάρ
466 473 598 561 μέντρον
633 472 678 560 τῷ
706 476 847 554 βασιλεῖ,
881 473 949 536 α’λλ·
979 473 1020 534 ου’
1046 469 1164 554 χρῆται
1186 467 1288 556 τοάτρ
1312 468 1393 550 πρὸς

301 571 436 660 άμυναν.
476 568 568 654 νόμοι
596 575 678 646 τινές
699 572 780 638 εἰσιν
810 563 900 636 οὗτοι
918 572 974 656 τῆς
995 568 1123 657 φάσεως
1143 561 1307 654 άγραφοι,
1331 564 1393 650 άρ-

300 673 377 760 γοδς
407 667 490 738 εἶναι
526 669 606 755 πρὸς
636 671 794 756 τιμωρίαν
823 669 897 746 τούς
929 673 994 736 ταῖν
1022 673 1179 753 μεγίστων
1200 669 1394 734 δυναστειῶν

301 774 533 857 ἐπιβαίνοντας.
586 765 672 835 οάται
700 771 761 852 μὲν
790 767 826 836 αἱ
848 772 899 858 ,τιβ
926 773 983 835 τοῦ
1000 770 1155 852 βασιλέως
1183 766 1391 850 ὑποδείγματι

300 873 346 958 μὴ
381 872 612 938 ἀκολουθοῦσα
638 873 677 958 τῇ
710 872 769 934 rosi
797 872 927 952 κε’ντρου
953 871 1055 955 πληγῇ
1085 863 1425 950 ε’ναποδνήσκουσινῤ

198 1029 201 1035 ,
301 966 377 1052 άξια
397 974 452 1055 τῆς
471 965 595 1040 iac-ruis
615 964 778 1055 οάμότητος
797 969 1003 1053 εδρίσκουσαι
1024 967 1064 1048 τά
1089 969 1246 1050 ἐπίχειρα.

382 1067 479 1150 Ἀλλά
507 1072 564 1134 καί
587 1071 679 1134 τοῦτο
709 1068 890 1150 θαυμάζειν
910 1061 1017 1150 άξιον,
1043 1068 1111 1142 πῶς
1134 1064 1170 1131 αἱ
1187 1065 1314 1150 γέρανοι
1335 1061 1397 1140 τάς

302 1173 337 1238 ἐν
354 1175 395 1257 τῇ
416 1168 508 1234 νυκτί
525 1168 734 1255 προφυλακάς
764 1172 799 1234 ἐκ
821 1170 1012 1253 περιτροπῆς
1036 1165 1247 1249 ὑποδέχονται
1254 1212 1264 1246 ,
1284 1167 1339 1228 καί
1359 1161 1396 1228 αἱ

302 1273 363 1353 μὲν
382 1259 616 1350 καθεύδουσιν,
647 1265 682 1335 αἱ
702 1270 739 1334 δὲ
759 1265 863 1355 κδκλῳ
893 1269 1076 1352 περιιοῦσαι
1096 1267 1203 1330 πάσαν
1227 1265 1341 1340 ου’ταϊς
1361 1266 1397 1328 ἐν

225 1373 347 1457 Minui
373 1363 461 1455 δπνιρ
489 1371 668 1452 παρέχουσι
699 1364 758 1451 τὴν
781 1360 970 1453 άσφάλειαν.
1024 1359 1092 1430 εἶτα
1120 1362 1181 1428 τοῦ
1204 1365 1319 1446 καιροῦ
1338 1364 1397 1446 τῆς
1411 1393 1451 1434 ω

304 1471 447 1556 φυλακῆς
471 1469 690 1550 πληρουμένου
711 1464 733 1551 ἦ
756 1469 815 1549 μὲν
833 1465 977 1549 βοησασα
995 1463 1073 1546 πρὸς
1101 1459 1201 1530 δπνον
1222 1461 1353 1548 ἐτράπη,
1374 1459 1397 1544 ἦ

305 1570 341 1635 δὲ
359 1564 419 1651 την
439 1563 592 1648 διαδοχάν
613 1569 786 1650 δεξαμένη,
807 1557 846 1652 ἧς
874 1563 987 1647 ἔτυχεν
1009 1561 1207 1651 άσφαλείοις,
1228 1565 1285 1628 καί
1305 1563 1399 1626 dns-

305 1669 386 1733 δοοκε
408 1674 478 1741 ταῖς
499 1671 631 1740 λοιπαῖς.
685 1660 770 1730 οάτοι
790 1669 850 1746 μὲν
871 1659 929 1730 οὖν
950 1667 1006 1730 καί
1022 1664 1056 1730 τά
1081 1667 1143 1730 τάν
1163 1664 1329 1746 πελαργῶν
1351 1665 1399 1736 εἰς

304 1766 451 1851 ἔκπληξιν
472 1759 543 1848 lya
562 1762 682 1842 πάντας
701 1766 764 1830 τῶν
786 1768 1023 1851 διαληφθέντων
1052 1766 1110 1829 osis
1131 1759 1276 1828 ἔλασσον.
1313 1763 1398 1826 ε’κεῖ-

304 1889 353 1930 νοι
385 1864 447 1948 γάρ
479 1863 535 1929 τάν
565 1867 686 1950 πατέρα
714 1863 775 1930 ὗπὸ
797 1868 855 1932 τοῦ
871 1863 989 1950 γηρους
1009 1860 1289 1949 πτερορρυήσαντα
1308 1883 1398 1944 περι-
1414 1869 1449 1932 15

306 1963 434 2040 στάντες
455 1967 490 2030 ἐν
509 1960 611 2051 κάκλιμ
632 1973 698 2041 τοῖς
717 1965 845 2039 οἰκείοις
866 1974 989 2050 πτεροῖς
1011 1962 1245 2043 διαθάλπουσι,
1266 1963 1322 2025 καί
1339 1959 1400 2036 τάς

224 2063 426 2153 λλλιτροφάς
448 2062 600 2151 δφθάνιος
634 2064 927 2150 παρασκευάζοντες
954 2063 1109 2148 βοήθειαν
1136 2063 1225 2149 unicui
1261 2058 1341 2126 κατά
1362 2084 1401 2144 γε

201 2197 204 2203 ’
306 2164 365 2250 την
385 2167 498 2249 πτῆσιν
518 2166 733 2247 παρέχουσιν,
756 2167 862 2250 η’ρέμα
881 2168 924 2251 τῷ
938 2163 1045 2249 ιπτερῷ
1066 2163 1269 2248 κουφίζοντες
1288 2153 1401 2223 ἑκατέ-

193 2285 199 2296 “
308 2269 421 2351 ροοθεν.
471 2267 527 2329 καί
543 2260 645 2341 οδτοος
675 2265 757 2329 πάσι
777 2269 869 2330 τοῦτο
891 2260 1097 2346 διαβεβόηται
1116 2257 1160 2337 οἷς
1178 2261 1326 2325 ἐντεῦθεν
1345 2262 1406 2322 καί

280 2378 398 2440 Βτινας
422 2363 478 2448 την
509 2365 579 2430 τάν
601 2361 861 2450 εδεργετημάτιον
885 2362 1047 2428 άντίδοσιν
1074 2359 1241 2441 ὀνομάζειν
1268 2358 1450 2431 ductus-20

309 2459 478 2546 λάργοοσιν.
528 2464 642 2548 μηδείς
667 2455 725 2530 oin
756 2460 811 2528 διά
830 2465 940 2530 πανίαν
968 2461 1024 2547 την
1044 2458 1145 2526 αὑτοῦ
1159 2452 1399 2540 άπογινοισκέτοο

311 2559 406 2645 ζοιὴν.

311 2809 415 2847 morum
434 2791 651 2844 mansuetudine.
668 2807 731 2844 num
750 2791 861 2845 stimulo
882 2791 992 2862 quidem
1013 2807 1059 2842 ιιι
1078 2788 1216 2860 praeditus
1234 2797 1289 2852 cst,
1305 2803 1401 2840 uerum

311 2866 347 2917 sd
362 2862 508 2916 vindictum
536 2879 569 2914 co
595 2878 652 2914 non
666 2863 770 2916 utitur.
801 2871 864 2914 sunt
881 2861 932 2914 hue
946 2863 1020 2932 leges
1038 2860 1173 2931 quaedam
1190 2876 1246 2912 non
1263 2859 1402 2929 scriptae.

311 2935 361 2988 scd
376 2933 410 2985 nb
427 2934 488 3002 ipss
504 2932 643 3002 profectas
669 2943 783 2996 nutura,
800 2943 831 2986 ut
851 2935 898 3003 qui
915 2933 1035 2986 munimis
1051 2932 1171 3003 imperiis
1189 2931 1344 3000 potiuntur,
1363 2929 1402 2980 ad

310 3004 480 3075 puniendum
504 3004 577 3056 tardi
600 3006 704 3057 sintet
729 3004 841 3074 quidem
859 3005 883 3056 si
908 3021 980 3074 qunc
999 3019 1062 3072 apes
1086 3001 1239 3071 exemplum
1268 3002 1337 3068 regis
1355 3001 1402 3052 sui

310 3091 368 3128 non
389 3076 543 3137 imitantur,
565 3074 654 3127 defixo
672 3076 781 3128 stimulo
795 3075 875 3128 simul
894 3075 1064 3128 emoriuntur
1081 3073 1217 3142 dignaque
1235 3071 1404 3124 crudelitato

312 3163 361 3198 suu
379 3147 498 3215 praemia
520 3155 732 3217 consequuntur.

383 3217 440 3268 lloc
456 3218 538 3269 etiarn
554 3234 604 3270 nos
631 3217 758 3270 admirari
778 3235 827 3288 par
845 3225 900 3281 cst,
921 3232 976 3286 quo
993 3222 1073 3285 puoto
1092 3229 1169 3282 grncs
1187 3219 1333 3266 nocturnas
1352 3228 1404 3265 cx-

313 3285 406 3339 cubius
426 3289 565 3357 pervices
585 3288 699 3351 obeant,
720 3289 786 3342 dum
804 3289 875 3341 nliso
894 3287 1004 3358 quidem
1025 3285 1179 3346 dormiunt,
1196 3285 1266 3336 aliu·
1285 3286 1404 3336 circum-

315 3357 405 3409 eundo
426 3367 572 3427 praestant,
593 3369 624 3412 ut
636 3377 730 3412 omncs
748 3360 783 3411 ab
801 3361 875 3412 omui
894 3357 1016 3429 periculo
1033 3372 1082 3426 per
1100 3356 1221 3426 quietem
1241 3363 1316 3408 tutuo
1336 3357 1405 3412 sint.

314 3427 363 3479 ubi
382 3426 483 3480 deindo
502 3438 608 3498 tempus
625 3431 746 3483 excubiis
764 3433 844 3483 unius
868 3430 1033 3482 ‹lcstInutum
1050 3427 1201 3496 praeteriit,
1218 3427 1335 3478 clamore
1353 3427 1407 3479 illa

314 3497 422 3552 subluto
439 3517 468 3551 ss
486 3500 574 3569 quieti
595 3500 657 3552 dut:
679 3501 719 3552 ibi
737 3510 796 3553 tum
812 3501 898 3553 ultcru
915 3497 1061 3552 succedens
1082 3498 1111 3549 iu
1131 3499 1191 3549 cius
1206 3497 1304 3557 locum,
1321 3515 1406 3567 quum

314 3569 389 3621 illius
413 3568 548 3622 beneficio
565 3581 711 3624 consecuta
727 3579 785 3636 ιιι,
812 3573 932 3642 quictem
949 3568 1066 3620 vicissim
1086 3567 1199 3638 reliquis
1218 3575 1303 3620 lutum
1324 3585 1406 3637 prue-

315 3648 376 3692 stut.
396 3641 532 3692 consimili
548 3641 631 3695 modo
651 3643 816 3694 ciconiarum
836 3657 946 3711 quoquo
972 3639 1047 3690 natio
1065 3647 1176 3690 cunctos
1195 3639 1224 3690 in
1244 3638 1407 3692 admiratio.

314 3727 378 3762 ncm
395 3712 482 3782 rupit,
505 3712 560 3762 iam
579 3713 707 3767 indicatis
733 3711 807 3765 hund
824 3713 932 3764 cedens.
955 3703 1016 3760 n'um
1035 3715 1155 3778 putrem,
1174 3711 1222 3778 qui
1240 3727 1305 3780 prae
1324 3711 1406 3762 senio

314 3798 418 3850 pennas
443 3781 548 3843 amisit,
569 3783 693 3854 undiquc
722 3783 926 3836 circumstantes
957 3781 1007 3832 ulis
1024 3781 1139 3849 propriis
1161 3780 1266 3844 fovent,
1285 3782 1406 3832 climen-

313 3860 374 3904 tum
393 3852 435 3905 illi
459 3851 567 3903 abundo
591 3853 785 3924 suppeditant,
810 3863 893 3924 atquc
910 3853 992 3904 etiam
1011 3849 1039 3902 in
1057 3853 1150 3904 volatu
1171 3851 1281 3916 iuvant,
1302 3851 1407 3904 leniter

315 3939 378 3974 cum
398 3922 434 3974 ab
452 3930 568 3993 utruque
586 3933 664 3992 purte
683 3925 864 3978 sublevantes.
887 3921 963 3994 quod
981 3921 1091 3992 quidem
1110 3937 1196 3992 usquc
1216 3923 1285 3974 uduo
1303 3924 1407 3992 passim

313 3992 388 4062 spud
415 4010 508 4046 omncs
534 3994 722 4063 pervulgatum
748 4004 807 4060 cst,
828 4004 865 4048 ut
881 3994 931 4046 huc
950 3994 985 4047 dc
1003 4008 1083 4044 causa
1099 3991 1225 4044 nonnulli
1244 4009 1408 4062 compensu-

314 4064 418 4115 tionsm
443 4065 640 4118 beneficiorum
657 4066 797 4136 appellum
819 4075 939 4119 mutuum
958 4064 1121 4117 ciconiarum
1139 4063 1268 4130 pietatem
1289 4080 1407 4116 consuc—
1471 4127 1475 4134 .

314 4136 410 4257 ιφιίαὲ,
429 4152 484 4205 quo
498 4136 623 4207 exemplo
641 4137 746 4190 moueri
764 4153 814 4190 nos
831 4137 958 4191 convenit
976 4151 1011 4189 ne
1030 4135 1091 4204 quis
1110 4132 1146 4185 ob
1163 4143 1351 4206 paupertatum
1371 4134 1408 4186 dc

314 4223 330 4254 s
344 4214 370 4258 ta
408 4214 522 4278 esperct.
