3000 4859
263 276 345 332 200
594 267 811 333 rtrctttlttls
839 263 1005 331 Gtt'ctt

232 423 407 504 ΒΧριστοό
425 422 631 502 στρατιῶται·
663 414 825 485 όντιδίκου
850 417 909 501 γὰρ
930 417 974 501 μὴ
997 422 1202 503 προκειμένου
1221 416 1252 485 οἶ
1273 418 1348 504 γνὴι

258 544 323 585 σιοι
345 524 535 603 στρατιῶται
554 523 611 585 τοῦ
629 520 786 597 βασιλέως
803 518 840 581 οό
861 520 1086 603 φανεροῦνται.
1130 514 1207 582 ὅθεν
1226 518 1269 593 ιός
1289 544 1347 583 αα-

256 620 464 701 ταόικοότερος
492 621 712 703 σφοδροτέραν
734 615 865 700 εόρησει
892 614 950 699 την
969 617 1105 681 κόλασιν.
1149 613 1165 679 ό
1188 618 1223 681 δὲ
1247 622 1346 701 μέγας

257 722 427 792 Βασιλειος
443 721 478 781 ἐν
498 721 538 803 τῇ
568 719 614 792 εἰς
634 714 690 791 τόν
709 712 874 801 προφήτην
888 718 1023 781 Ἠσαίαν
1046 708 1197 803 ἑρμηνείηι
1216 719 1272 781 καί
1288 714 1347 781 τό·

257 822 293 881 δε
314 821 388 901 περί
408 820 465 883 τοῦ
484 817 633 896 διαβόλου
655 817 795 891 διέξεισι.
818 809 922 896 ,τάχα
942 813 1003 897 γὰρ
1022 811 1084 898 πρό
1105 816 1162 879 τοῦ
1181 819 1376 900 κτισθῆναιό

256 916 311 983 τόν
327 908 497 999 ἄνθρωπον
510 912 606 990 τόπος
616 917 672 999 τῆς
691 918 861 995 μετανοίας
881 917 938 977 καί
958 914 1000 1001 τῷ
1022 909 1158 1002 διαβόλῳ
1181 915 1346 980 όπελείπε-

255 1041 303 1098 το,
317 1018 373 1081 καί
389 1012 556 1099 ἤδόνατοό
571 1019 683 1101 τῦφος,
704 1017 736 1079 εί
749 1017 805 1079 καί
822 1012 1031 1097 α’ρχαιότερου
1050 1012 1174 1097 νόσημα
1193 1006 1242 1098 η’ν,
1258 1010 1346 1095 δμας

170 1134 173 1139 ·
257 1115 311 1179 διό
331 1118 385 1199 τῆς
404 1112 574 1195 μετανοίας
601 1108 716 1177 ἑαυτόν
747 1108 951 1192 ἐξιστάμενος
972 1112 1226 1197 ἀποκαταστῆσαι
1245 1112 1347 1177 ου’τόν

256 1218 302 1290 είς
320 1212 354 1279 τό
377 1216 410 1291 ἔξ
430 1216 541 1297 α’ρχῆς.
559 1213 616 1298 ἀφ’
637 1204 677 1276 οὗ
697 1214 733 1276 δὲ
753 1214 811 1275 τοό
833 1210 953 1291 κόσμου
978 1209 1194 1296 ἧαατασκευή
1214 1214 1271 1277 καί
1286 1212 1346 1277 τοῦ

255 1312 474 1399 παραδείσου,
497 1315 552 1376 καί
571 1310 589 1375 ό
611 1304 780 1396 ἄνθρωπος
800 1310 834 1373 ἐν
853 1311 958 1397 αότηό,
982 1314 1038 1375 καί
1055 1308 1164 1395 ἐντολὴ
1185 1314 1240 1375 καί
1261 1308 1345 1397 φθό-
1359 1336 1396 1381 ro

256 1436 310 1487 νος
333 1415 393 1477 τοό
412 1410 567 1493 διαβόλου
587 1409 644 1475 καί
662 1407 759 1496 φόνος
782 1412 846 1473 τοῦ
859 1410 1086 1493 τετιμημένου,
1108 1408 1347 1476 οἶποκόιιλεισται

227 1516 344 1597 Οαότῷ
365 1513 421 1575 καί
439 1506 457 1574 ό
474 1506 568 1586 τόπος
587 1512 642 1594 τῆς
663 1511 841 1591 μετανοίας.
886 1510 917 1573 εί
932 1507 995 1593 γὰρ
1016 1504 1032 1573 ό
1051 1506 1156 1573 Ἠσαῦ
1177 1512 1345 1590 μετανοίας

172 1617 203 1669 V.
213 1624 245 1674 8ο
255 1609 352 1691 τόπον
370 1610 432 1695 οόχ
463 1602 540 1693 eripe
562 1608 603 1674 τό
624 1608 823 1695 πρωτοτόκια
845 1606 1059 1690 ἀποδόμενος,
1082 1608 1131 1685 τίς
1151 1606 1243 1685 τόπος
1263 1605 1344 1675 όιιο·

254 1714 414 1774 λέλειπται
433 1710 603 1790 μετανοίας
622 1710 666 1793 τῷ
677 1705 732 1773 τόν
749 1704 993 1793 προοιόπλαστον
1012 1703 1227 1774 ότιυατείυαντι
1240 1707 1346 1791 Ἀδόμ

252 1809 308 1873 καί
326 1810 446 1873 ἐκείνου
472 1807 526 1874 τόν
548 1807 685 1874 θάνατον
711 1805 952 1892 εἰσενεγκόντι;”
979 1808 1059 1873 όλλό
1078 1811 1134 1873 καί
1158 1806 1178 1871 ό
1198 1810 1343 1893 Σιναΐτης
1356 1816 1394 1880 15

251 1914 340 1983 θεῖος
360 1908 566 1984 Ἀναστόοιος
585 1909 631 1983 είς
650 1903 860 1993 ἐπιστροφήν,
882 1904 926 1982 οός
944 1902 1058 1988 ἔοικεν,
1080 1910 1177 1973 ἓλιιοιν
1193 1907 1249 1973 κατ’
1268 1906 1343 1984 τοός

252 2010 325 2071 λίαν
353 2000 628 2091 ἀπεγνωσμένως,
657 2010 714 2071 καί
728 2004 807 2071 τόδε
829 2003 907 2071 κατό
932 2004 1018 2091 ῥῆμα
1041 2006 1149 2092 φησίν.
1192 2006 1244 2089 ,εἰ
1263 2010 1343 2073 Μα-

250 2110 372 2191 νασσῆν
402 2107 420 2171 ό
453 2106 528 2184 θεός
557 2105 612 2173 διό
630 2104 815 2190 ’μετανοίας
848 2106 989 2187 terram,
1010 2101 1096 2189 τόχο
1115 2110 1223 2187 τολμοῑ
1242 2110 1354 2181 εἰπεῖν,

252 2200 370 2280 ότικαί
387 2207 446 2272 τόν
465 2208 614 2289 διάβολον
623 2207 836 2288 μετανοοῦντα
857 2202 1028 2288 όλοψόχοος
1048 2206 1196 2283 δόξεται.ΙΙ
1235 2211 1341 2284 καλῶς

252 2306 289 2371 δὲ
309 2302 395 2371 εἶπεν
420 2304 472 2372 ότι
490 2311 599 2388 τολμῶ
619 2310 738 2371 εἰπεῖν·
781 2302 841 2391 όρα
860 2301 924 2389 γόρ
947 2300 995 2369 ότι
1015 2302 1071 2371 καί
1090 2303 1108 2369 ό
1128 2308 1394 2390 Δαμαστηνόςνο

219 2405 396 2489 ΒἹιοόννης
417 2409 459 2469 ου’
490 2409 603 2473 δίδωσι
623 2408 676 2495 ,τῷ
710 2403 851 2492 διαβόλῳ
876 2402 1057 2485 μετάνοιαν.
1099 2407 1182 2488 λέγει
1202 2407 1257 2471 κατ’
1274 2406 1337 2490 γόρ

252 2498 303 2567 ότι
323 2498 399 2590 ὅπερ
421 2502 492 2570 ε’στί
507 2514 575 2586 τοῖς
593 2498 776 2590 όνδριόποις
795 2502 812 2569 ό
831 2498 979 2586 θάνατος,
1000 2503 1093 2571 τοῦτο
1109 2511 1175 2581 τοῖς
1195 2504 1339 2588 α’μγέλοις

251 2816 317 2865 sisse
335 2811 415 2864 deum
439 2817 469 2862 ut
490 2810 637 2863 humanum
655 2828 738 2881 genus
764 2820 953 2882 oppugnaret,
973 2828 1028 2883 quo
1046 2812 1144 2867 Christi
1162 2813 1263 2866 milites
1276 2828 1337 2868 sese

250 2882 399 2953 probarent
420 2898 451 2933 ae
470 2880 644 2935 declararent„
675 2882 790 2935 eandem
811 2882 847 2935 ob
864 2900 970 2935 causam
986 2885 1070 2952 magis
1091 2886 1172 2937 etiam
1194 2884 1337 2937 denasabi-

250 2958 284 3005 iis
303 2953 437 3021 supplicio
462 2954 578 3021 graviori
604 2954 774 3008 multabitur.
807 2954 922 3006 Basilius
941 2956 970 3006 iu
989 2956 1083 3007 Esaiae
1101 2956 1171 3007 vatis
1187 2958 1336 3007 enarratio-

250 3040 286 3074 ns
303 3023 459 3075 huiusmodi
476 3024 608 3092 quaedam
628 3023 662 3075 sle
677 3024 789 3077 diabolo
806 3026 929 3095 protulit.
950 3026 1073 3077 fortassis
1091 3036 1154 3081 aute
1172 3026 1336 3077 creationem

219 3135 224 3143 .
249 3094 367 3145 hominis
387 3092 499 3145 diabolo
530 3112 640 3165 quoque
666 3098 852 3165 poenitentiae
881 3098 957 3148 locus
981 3097 1090 3148 relictus
1110 3097 1219 3160 fnisset,
1237 3114 1267 3147 ac
1284 3114 1335 3165 po-

248 3168 346 3216 tuisset
363 3164 496 3234 superbus
516 3166 577 3227 ine,
599 3184 756 3237 quanquam
780 3168 880 3218 rrraium
898 3167 1077 3219 inveteratum
1097 3167 1183 3229 soret,
1203 3184 1249 3236 per
1266 3186 1334 3236 poe-

248 3236 393 3285 nitentiam
418 3235 542 3287 adhibito
569 3236 621 3287 sibi
642 3238 761 3289 remedio
786 3239 927 3307 pristinam
950 3237 984 3287 οδ
1013 3236 1199 3289 condicionem
1217 3239 1334 3307 seipsum

249 3308 401 3357 restituere.
428 3322 520 3358 verum
538 3316 717 3378 posteaquam
743 3316 835 3359 secuta
854 3318 894 3359 est
912 3308 1005 3359 niundi
1025 3307 1125 3359 creatio
1147 3309 1266 3377 itemquo
1283 3326 1334 3377 pa-

248 3375 350 3434 radisi,
368 3394 399 3427 ac
417 3376 497 3429 homo
515 3379 544 3429 iu
562 3380 687 3447 paradiso
708 3380 822 3431 existere
843 3380 942 3448 coepit,
962 3387 991 3430 et
1010 3379 1165 3431 mandatum
1187 3387 1215 3430 et
1231 3380 1333 3431 iuridin

249 3446 354 3497 diaboli
372 3452 483 3505 accessit
505 3458 533 3501 et
551 3449 668 3501 bominis
686 3452 775 3501 ornati
794 3468 810 3500 a
837 3450 888 3501 deo
908 3448 1020 3511 caedes,
1040 3466 1073 3501 ex
1094 3466 1127 3501 eo
1144 3450 1246 3501 scilicet
1263 3458 1334 3501 teur-

190 3567 194 3574 ,
248 3532 314 3585 pers
333 3518 429 3569 modus
449 3519 475 3570 ei
495 3522 681 3589 poeniteutiae
707 3522 800 3572 nuilus
817 3528 859 3571 est
875 3519 994 3573 relictus.
1012 3521 1117 3588 quippo
1133 3521 1155 3571 ei
1169 3520 1251 3571 Esaus
1266 3538 1332 3589 poe-

248 3588 380 3639 nitentiae
398 3590 487 3641 iocum
515 3607 572 3641 non
598 3592 718 3654 invenit,
748 3608 808 3641 eum
830 3590 1049 3659 primigeniomm
1067 3591 1126 3641 iura
1146 3590 1332 3654 vendidisset,

247 3658 309 3727 quis
327 3660 352 3711 ei
371 3660 481 3712 relictus
499 3662 536 3713 sit
552 3662 739 3729 poeniteutiae
757 3662 848 3724 locus,
871 3661 919 3729 qui
935 3658 1065 3711 edanum
1085 3661 1163 3711 ilium
1181 3660 1333 3729 principem

246 3728 357 3781 hermani
387 3732 492 3799 generis
516 3732 654 3783 interfecit
680 3732 795 3801 eiusque
819 3732 900 3783 morti
923 3746 1029 3783 oausam
1059 3732 1205 3800 praebuit?
1224 3732 1334 3784 divinus

246 3808 336 3851 antem
354 3800 410 3862 vir,
429 3802 583 3853 Anastasius
600 3803 648 3854 ills
670 3803 809 3865 Siuaites,
838 3818 892 3873 (pro
915 3801 1091 3855 vehementer
1109 3802 1263 3871 desperatos
1280 3802 1333 3853 ho-

246 3872 341 3933 miues,
360 3871 400 3921 uti
418 3872 528 3940 quidem
545 3870 661 3936 videtur,
679 3872 714 3924 ad
732 3874 934 3924 couversionem
951 3874 1057 3935 invitet,
1078 3871 1145 3925 haec
1163 3872 1198 3923 ad
1218 3872 1331 3925 verbum

246 3942 351 4010 profert
373 3942 412 4003 „si
440 3944 589 3993 manassem
615 3942 681 3993 deus
705 3960 755 4012 per
773 3944 969 4011 poeniteutiam
987 3944 1107 4011 recepit,
1137 3944 1221 3995 ausim
1240 3942 1331 3994 dicere

246 4012 321 4079 quod
340 4012 420 4062 etiam
439 4012 579 4063 diabolum
590 4020 649 4065 toto
666 4022 776 4082 pectore
795 4016 984 4081 atquepuimo
1005 4015 1205 4083 resipiscentem
1224 4014 1253 4065 in
1271 4031 1332 4081 gra-

246 4082 311 4131 tiam
331 4089 486 4149 recepturus
505 4083 610 4133 fuerit!
638 4084 738 4152 quibus
764 4083 853 4135 verbis
879 4094 952 4138 recte
980 4085 1048 4135 iiirrd
1066 4086 1178 4137 inservit
1196 4084 1329 4147 „arideum

248 4148 363 4203 dicere.”
382 4168 445 4206 nam
463 4161 492 4206 et
511 4154 691 4209 Dasuasceuus
707 4155 756 4209 ilie
774 4153 906 4209 iohannes
924 4154 1036 4210 diabolo
1052 4156 1248 4227 poeniteutiam
1266 4155 1330 4209 uul-
