3000 4859
587 354 849 421 PROOEMIUM.
1190 362 1260 429 xm

167 518 288 575 cunano
301 506 407 587 ‚libet
425 505 487 569 boc
506 506 576 571 loco
606 510 833 591 spectatoribus
852 508 986 573 bominis
1006 513 1118 577 Grsaci
1137 521 1170 576 et
1190 537 1261 579 om.

170 612 249 673 nino
274 610 421 671 haetenus
440 606 611 691 incogniti,
644 608 720 693 quid
744 610 789 669 ius
812 610 944 671 civitatis
972 609 1101 694 adeptus
1128 615 1263 679 vicissim

168 712 219 774 rei
240 709 383 793 publicae
404 708 522 769 fructus
545 728 581 771 ex
602 728 634 769 se
655 705 841 791 promittat,
861 730 959 795 quam
972 711 1150 778 brevissime
1169 725 1263 800 pote·

169 814 237 889 rit,
259 809 406 884 iudicare.
435 808 583 873 nimirum
602 810 740 891 agnoscit
765 810 799 871 in
830 810 988 875 civitatem
1003 811 1125 875 admitti
1144 837 1176 877 se
1196 837 1261 879 non

170 909 289 975 debere
308 906 426 971 nudum
453 928 490 969 ac
511 907 652 991 inopem,
677 930 717 971 ne
744 908 843 971 lustro
874 918 1055 995 appetente,
1083 916 1261 982 censoribsn

170 1010 392 1095 pervulgatum
419 1004 497 1071 illud
526 1028 569 1069 en·
587 1008 686 1069 minas·
710 1009 857 1073 secundo
879 1012 1107 1093 prestantibus,
1141 1026 1261 1099 cgmta-

172 1120 239 1173 tem
259 1130 331 1173 mor
353 1110 419 1191 ipse
438 1128 525 1171 snum
541 1105 632 1170 fateri
655 1115 807 1188 cogatur,
830 1116 863 1169 et
881 1108 953 1172 loco
973 1121 1076 1174 motus
1096 1113 1147 1177 vel
1169 1138 1262 1180 aera.

172 1210 298 1273 riorum
311 1208 342 1270 in
359 1228 524 1269 numerum
539 1204 744 1291 ordinemque
768 1204 866 1291 redigi
887 1209 938 1271 vel
957 1211 1059 1295 capito
1077 1197 1194 1279 ¹eearseri
1213 1218 1262 1281 vel

172 1329 302 1393 prorsus
322 1310 391 1371 iure
412 1307 543 1369 civitatis
557 1305 707 1385 excidere,
728 1305 816 1391 qnod
836 1306 962 1392 quidem
978 1311 1121 1376 amittere
1140 1317 1264 1397 turpius

172 1432 270 1495 qnam
292 1408 330 1473 ab
354 1408 444 1472 initio
460 1426 522 1467 non
545 1405 733 1489 impetrasse.
758 1409 963 1492 quamobrem
983 1408 1081 1473 diviso
1105 1414 1138 1475 in
1158 1416 1263 1479 triun.

173 1530 226 1573 cas
245 1508 428 1571 facultatum
442 1506 533 1569 lunius
549 1526 621 1583 asse,
642 1506 744 1590 deque
756 1506 793 1569 iis
807 1507 1020 1573 aestimatione
1036 1512 1134 1595 eeu,
1153 1514 1263 1579 videa-

172 1631 243 1675 mus
264 1609 356 1671 auin
376 1627 501 1673 censum
524 1604 623 1690 redigi
646 1606 750 1689 possit.
775 1607 919 1671 universa
934 1608 1050 1695 Glyeas
1070 1624 1264 1679 commenta·

173 1712 223 1773 tic
242 1717 394 1795 qmttnor
422 1710 455 1769 in
489 1714 593 1790 partes
614 1714 661 1771 est
686 1704 862 1772 distribute.
896 1731 1005 1775 earum
1032 1713 1136 1795 prima
1156 1737 1265 1781 rerum

175 1810 281 1895 priscis
300 1830 351 1873 ser
374 1806 481 1871 diebus
503 1808 542 1869 ab
563 1814 639 1867 ortu
654 1804 764 1871 custodi
777 1807 975 1873 conditarum
996 1816 1265 1881 enumerationum

174 1909 369 1994 praeclaram
389 1908 549 1985 eontinet,
580 1906 718 1972 immistis
749 1908 861 1990 pussim
882 1910 1002 1973 arcanis
1022 1921 1170 1995 naturae,
1191 1938 1265 1981 cnm

176 2009 353 2073 admirabili
386 2007 584 2093 expositionis
613 2005 780 2086 varietate,
802 2028 882 2093 quse
906 2010 1084 2093 religiosum
1105 2026 1138 2078 et
1156 2040 1266 2079 aman.

176 2120 241 2175 tem
260 2109 379 2194 opificii
397 2106 675 2193 providentiaeque
688 2106 810 2171 divinae
830 2107 981 2174 lectorem
992 2131 1057 2173 uon
1076 2124 1181 2196 potest
1199 2138 1266 2179 uon

112 2190 118 2203 ⁸
173 2210 322 2295 singulari
337 2208 495 2291 voluptate
510 2204 642 2291 quadam
658 2206 800 2277 adficere.
818 2208 952 2273 secunda
960 2219 1136 2295 temporum
1151 2218 1267 2279 seriem

174 2314 215 2375 ab
239 2310 328 2375 initio
365 2306 472 2371 mnndi
504 2328 601 2391 usqne
633 2305 673 2369 sd
693 2306 851 2371 Christum
880 2330 916 2373 ex
949 2311 1094 2375 eudesius
1120 2314 1266 2377 doctriua

173 2412 346 2497 praecipue
366 2406 472 2483 tradit,
495 2416 529 2471 et
548 2408 612 2474 eius
635 2426 724 2469 causo
743 2408 794 2469 cui
814 2407 931 2471 librum
953 2410 1127 2473 elaboravit
1145 2414 1266 2497 (appel.

175 2514 343 2579 latentem
371 2508 455 2571 hunc
484 2506 592 2585 tilium)
624 2506 759 2589 plurima
777 2506 817 2571 de
848 2510 941 2571 sacris
962 2511 1129 2575 interterit
1149 2515 1267 2597 quiippe

175 2612 354 2696 primorum
381 2608 587 2693 imperiorum
616 2615 679 2667 tam
709 2608 797 2669 initia
827 2632 921 2693 qima
951 2632 1131 2695 progressus
1162 2636 1199 2677 er
1228 2616 1265 2679 iis

178 2720 336 2797 nmquam
355 2710 447 2773 certis
468 2706 594 2770 testibus
614 2716 722 2791 petere
736 2707 856 2788 meluit,
877 2730 948 2773 cum
969 2711 1269 2776 dellabucbodono.

174 2834 267 2891 sore,
288 2808 327 2873 de
342 2808 446 2871 liberis
476 2808 540 2871 eius
561 2815 695 2892 totoque
719 2808 915 2892 Assyriorum
933 2811 1089 2894 imperio,
1113 2822 1149 2875 ut
1169 2814 1267 2875 omit.

175 2922 243 2975 um
270 2908 465 2993 antiquiora,
490 2928 649 2991 perpauca
680 2906 729 2969 vel
750 2908 834 2971 nulla
854 2909 958 2991 potius
972 2902 1155 2975 ⁴memoratu
1175 2912 1271 2998 digna

174 3014 209 3073 in
228 3008 447 3087 extrariorum,
470 3022 549 3091 quos
566 3006 693 3090 gentiles
707 3004 854 3086 dicimus,
873 3010 1066 3092 scriptorum
1080 3034 1268 3077 monumen.

173 3114 215 3175 tis
238 3108 448 3195 reperiantur.
477 3108 521 3171 sic
554 3114 658 3171 autem
690 3105 768 3172 huoc
788 3115 904 3169 tractat
929 3118 966 3170 ut
989 3110 1092 3173 obiter
1109 3110 1149 3175 de
1169 3134 1269 3198 quae-

174 3210 329 3275 stionibus
343 3210 469 3271 minime
483 3207 659 3291 vulgaribus
672 3206 808 3287 disserat,
828 3208 928 3271 citatis
942 3219 1107 3275 auctorum
1126 3214 1269 3295 gravissi.

175 3332 305 3375 morum
324 3307 522 3381 testimoniis;
544 3328 681 3392 quorum
703 3328 776 3371 cnm
793 3330 859 3371 non
878 3310 971 3393 puuci
994 3311 1083 3375 uobis
1104 3312 1197 3397 plane
1209 3316 1271 3379 sint

175 3408 342 3493 incogniti,
361 3409 500 3491 pretinm
522 3428 578 3469 nos
590 3428 706 3491 operae
725 3409 863 3471 facturos
885 3410 1140 3491 existimabamus,
1157 3416 1183 3475 si
1208 3426 1278 3477 au.·

173 3509 332 3595 tiquitatis
351 3507 561 3569 studiosorum
577 3507 756 3591 ingratiam
778 3508 903 3570 illorum
922 3510 1049 3573 nomina
1068 3513 1172 3577 statim
1191 3514 1270 3581 bnis

170 3610 345 3695 prooemio
368 3608 601 3671 subiiceresnus.
624 3616 656 3669 et
673 3606 948 3690 iudicatprofecto
971 3609 1081 3694 Glycas
1104 3622 1210 3677 noster
1229 3615 1282 3679 de'

167 3708 316 3773 maximis
337 3708 427 3791 rebus
447 3704 531 3771 haud
552 3706 700 3785 absurde,
721 3708 834 3791 quibua
863 3708 897 3769 in
917 3708 1010 3771 rebus
1030 3719 1116 3776 recte
1141 3714 1271 3781 confer.

165 3820 260 3875 muta
281 3828 344 3870 csse
367 3828 404 3869 ac
425 3807 609 3891 praesertim
630 3806 756 3869 illorum
773 3806 912 3887 iudicia,
933 3828 1072 3893 quorum
1096 3812 1190 3877 animi
1210 3835 1281 3898 per,

164 3918 312 3977 aetatem
331 3906 433 3969 adhuc
453 3904 595 3971 nonnihil
616 3907 795 3971 caecutiunt
810 3928 868 3971 uec
890 3930 1001 3988 verum
1012 3910 1176 3994 pervidere
1194 3936 1271 3997 pos.

162 4018 269 4089 sunt,
306 4006 478 4091 plurimum
511 4008 659 4085 interest,
692 4006 782 4069 verbi
811 4007 913 4091 gratia
944 4006 985 4071 dc
1008 4008 1272 4092 praedictionibus

159 4106 397 4193 astrologicis,
426 4106 464 4171 de
484 4106 516 4170 vi
537 4106 692 4186 siderum,
715 4128 754 4169 an
776 4128 812 4169 eu
832 4116 949 4171 mentes
967 4106 1131 4175 bominum
1150 4122 1270 4193 regunt.

156 4216 206 4283 de
233 4207 425 4287 monstrosis
456 4207 594 4289 fetibus,
615 4206 654 4269 dc
673 4205 934 4281 divinationibus,
965 4208 1004 4269 ds
1022 4211 1106 4287 sato,
1124 4208 1163 4272 ds
1182 4210 1274 4279 bonis
