3000 4859
487 324 699 395 sumtuum
728 328 832 397 etus
861 334 886 394 t.
1167 307 1224 420 47

133 481 310 547 καντεύθεν
336 476 396 554 τὰς
430 474 563 563 ἡλιακὰς
577 482 718 557 sistitur
745 478 1023 569 ἀναστρεφούσης,
1060 478 1143 550 οὕτω
1172 487 1230 551 καί

130 581 151 667 ή
186 577 337 662 ἐκκλησία
361 582 604 663 μεσολαβούσης
633 582 687 665 τής
712 580 872 665 ύμαρτίας
905 578 1036 659 σκότους
1071 584 1229 664 ἐμπίπλα-

130 706 187 745 ται
207 682 278 745 κατ’
307 675 512 763 αἀοοτροφήν
530 676 656 754 πάντας
676 680 737 743 τού
755 684 870 765 νοητοῦ
888 679 989 767 ήλίοο.
1043 686 1147 759 καλῶς
1169 675 1228 749 osis

130 779 219 864 ἔλεγε
245 775 335 841 enisi
355 772 513 859 μακάριος
532 779 667 853 Παῦλος
696 777 823 861 ,πάντα
845 779 892 856 εἷς
909 780 1053 867 Χριστὸν
1074 780 1227 865 προτετύ-

105 882 275 953 5ιιωται.”
317 870 367 941 ὅτι
389 876 425 939 di
447 874 467 959 ή
490 876 605 959 σελήνη
625 869 707 962 αύτη
726 881 784 962 τῆς
802 880 968 963 ἐκκλησίας
987 880 1093 947 εἰκόνα
1114 887 1224 967 φέρει,

130 972 324 1052 docimo
356 972 509 1059 αἰσθητὸς
543 966 637 1051 οὗτος
658 973 747 1057 ήλιος
779 979 837 1041 τού
855 980 969 1063 νοητοῦ
990 977 1097 1062 ἡλίου,
1122 983 1225 1047 crisci

131 1074 253 1161 δηλαδή
283 1076 342 1139 τού
360 1077 528 1159 Χριστοῦ,
557 1074 614 1139 τοῦ
633 1076 799 1162 προφήτου
820 1073 982 1158 Ἀβιικούμ
1002 1070 1100 1143 eiusne
1117 1082 1257 1162 λέγον-1)

128 1200 180 1252 τος
198 1175 348 1259 ,ἐπήρθη
370 1170 386 1237 ὃ
410 1170 513 1258 ήλιος,
535 1172 591 1239 καί
608 1173 629 1259 ή
649 1173 764 1261 σελήνη
787 1172 860 1260 ἔστη
879 1177 913 1240 ἐν
931 1181 971 1263 τῇ
989 1174 1078 1257 τάξει
1093 1179 1226 1265 crisie?

129 1275 210 1341 κατὰ
246 1273 310 1359 γύρ
338 1272 394 1339 riv
426 1270 464 1339 τύ
494 1276 628 1340 τοιαῦτα
655 1274 863 1359 ἐξηγούμενον
886 1276 994 1361 Ιμε’γιιν
1021 1276 1225 1365 Κύριλλονή

92 1405 123 1445 ro
131 1377 279 1459 ἐκκλησία
313 1371 466 1458 πρότερον
496 1376 531 1439 ὃν
552 1374 666 1462 ιῖτιιξιλρ
694 1370 866 1459 ἐτύγχανεν
885 1369 943 1440 ὅτε
963 1385 1031 1452 τοῖς
1051 1377 1226 1458 δαιμονίοις

130 1475 350 1557 λατρεύουσα,
370 1469 504 1557 ύστερον
525 1475 562 1539 dd
580 1476 637 1539 τού
658 1478 772 1558 νοητοῦ
794 1473 886 1559 ήλίου
909 1478 1103 1560 ἐπαρθέντος
1125 1479 1159 1542 ἕν
1178 1480 1224 1566 τῷ
1235 1476 1243 1493 ’

131 1578 257 1661 σταυρῷ
284 1574 320 1637 ἐν
340 1574 467 1662 εύταξίρι
484 1575 589 1655 γέγονε
618 1569 698 1657 πρὸς
718 1570 815 1639 αὐτὸν
834 1575 1068 1662 ἐπιστραφεῖσα
1089 1572 1142 1641 τὸν
1164 1572 1222 1640 κύ·

132 1696 207 1753 ρισν.
247 1671 306 1737 καί
330 1674 422 1736 τοῦτο
448 1668 622 1755 δεδήλωκεν
649 1665 744 1747 ούτός
777 1669 794 1735 ὅ
818 1670 963 1757 Χριστός
992 1667 1093 1749 ούτως
1122 1672 1221 1740 είπιύν

133 1766 224 1849 ,ὅταν
242 1768 372 1850 immisi
380 1818 391 1851 ,
409 1770 480 1835 τότε
499 1766 618 1846 πάντας
639 1764 761 1836 ἑλκύσω
782 1767 862 1855 πρὸς
881 1769 1056 1852 ε’μιιυτύν.”

92 1878 128 1938 τ5
209 1874 237 1935 Γ
235 1872 350 1936 ίυωσκε
371 1868 429 1952 δέ,
453 1871 613 1954 α’γααητί,
645 1864 844 1941 descendisti
864 1871 1221 1952 eudrouieixlee'rsets

133 1968 260 2053 ὄήλιος
292 1968 349 2035 καί
382 1965 537 2054 ήσελήνη
560 1964 819 2053 συγκεχώρηται,
850 1970 890 2034 ού
917 1974 1067 2037 τοσοῦτον
1087 1973 1124 2037 tt
1144 1966 1220 2038 ὅσον

133 2068 187 2152 τήν
203 2074 267 2134 τῶν
296 2067 557 2153 προσκυνούντων
587 2068 673 2134 crissi
694 2070 915 2152 διελέγχεσθαι
938 2063 1066 2151 ἄνοιαν,
1085 2072 1220 2135 soimeri·

131 2174 185 2231 aire
211 2168 425 2233 παιδεύεσθαι
452 2162 503 2233 ὅτι
535 2164 653 2255 τρεπτὰ
673 2167 775 2235 ταῦτα
802 2164 860 2234 καί
877 2162 1056 2234 οἶλλοιωτὸν.
1097 2172 1162 2235 πᾶν
1182 2171 1294 2245 dines

128 2266 259 2351 τρεπτύν
281 2266 321 2331 ού
341 2266 429 2343 θεός.

85 2391 122 2432 το
212 2365 283 2431 Καὶ
301 2369 435 2431 τοιαῦτα
467 2370 527 2448 μὲν
560 2363 592 2431 oi
623 2368 753 2451 α’στίρες
779 2368 815 2431 ἔκ
833 2367 895 2432 tois·
915 2367 950 2433 ἒν
970 2370 1080 2444 ου’τοῖς
1098 2391 1217 2451 συμπι-

130 2463 269 2530 πτόντων
285 2465 472 2531 διδάσκουσι
501 2464 575 2542 τούς
595 2463 688 2550 λόγου
701 2466 901 2549 μετέχοντας.
945 2465 1026 2533 κατὰ
1048 2468 1143 2532 τούτο
1164 2467 1220 2533 καί
1333 2509 1339 2524 1

131 2562 148 2626 ri
169 2562 302 2648 θεύπτης
318 2562 404 2649 ἔλεγε
426 2569 550 2651 Μωοής
568 2568 647 2648 ,καί
663 2562 753 2631 ἔθετο
772 2568 875 2631 ταῦτα
895 2566 943 2642 εἷς
961 2572 1078 2651 σημεῖα
1097 2567 1154 2633 καί
1172 2571 1218 2645 εἰς

127 2661 261 2749 καιρούς
279 2663 330 2730 καί
352 2664 472 2752 ἡμέρας
491 2664 548 2731 καί
566 2666 611 2742 είς
634 2663 827 2743 intercede-’⁹
868 2663 924 2733 desi
945 2663 1009 2753 γὰρ
1030 2658 1217 2733 eisaie-ms-

126 2942 272 2995 issolvitur
289 2947 400 3010 propter
418 2938 582 2997 aversionem
600 2938 664 2991 solis
683 2938 944 2994 illinsiutellectilis,
961 2939 1060 2994 iccirco
1076 2940 1213 3011 prsedere

126 3014 226 3065 dictum
239 3012 347 3063 nPaulo
365 3015 390 3079 (ι
403 3009 462 3061 Cor.
475 3026 504 3061 ιο
521 3028 528 3061 ι
539 3013 562 3078 ι)
573 3009 672 3062 Christi
683 3012 779 3080 figuras
796 3014 884 3063 omnis
897 3020 1107 3082 repraesentare.
1121 3012 1215 3064 luusm

125 3085 233 3153 quidem
255 3083 384 3135 ecclesiae
407 3081 505 3133 referre
524 3080 675 3149 imaginem,
692 3090 721 3134 et
738 3082 915 3136 consimiliter
932 3083 1016 3135 solem
1034 3082 1107 3135 bunc
1126 3084 1213 3136 sensi-

124 3155 174 3207 lem
194 3156 262 3207 solis
277 3155 351 3207 iliius
370 3152 538 3207 intellectilis
551 3154 599 3223 qui
618 3151 737 3205 Christus
763 3162 812 3217 est,
831 3152 865 3206 de
889 3155 956 3205 eatis
973 3153 1103 3205 Abacumi
1121 3154 1148 3225 (3
1171 3158 1213 3222 ιι)

124 3227 210 3280 verbis
229 3227 364 3295 intelligas
382 3224 456 3286 licet,
469 3225 516 3293 qui
529 3224 570 3275 ait
585 3224 644 3286 „sol
663 3224 784 3277 elevatus
801 3233 855 3285 est,
874 3233 903 3275 et
920 3224 984 3275 luna
997 3224 1074 3277 stetit
1090 3224 1120 3276 in
1137 3224 1213 3276 ordi-

123 3314 156 3349 ne
177 3298 296 3368 locoque
313 3298 388 3350 suo.”
406 3312 468 3348 narn
489 3294 618 3358 ecclesia,
636 3294 862 3365 quemadmodum
884 3294 1018 3364 interpres
1037 3293 1134 3346 horum
1151 3312 1213 3347 ver-

122 3364 217 3421 borum
235 3385 346 3437 magnas
366 3368 414 3419 ille
425 3366 540 3434 Cyrillus
557 3366 657 3487 influit,
675 3366 749 3436 prins
768 3375 825 3418 erat
842 3366 1060 3429 inconfusione,
1078 3383 1139 3417 curn
1155 3382 1213 3417 ms-

122 3438 160 3491 los
177 3440 274 3507 genios
290 3440 401 3493 coleret.
417 3453 509 3492 verum
521 3436 568 3488 ubi
608 3437 717 3505 eineeps
733 3436 902 3489 intellectilis
926 3438 973 3489 itte
998 3436 1040 3489 soi
1057 3434 1087 3488 in
1106 3452 1211 3489 crucem

122 3510 241 3563 elevatus
260 3519 315 3573 est,
334 3527 411 3561 suurn
432 3509 462 3561 in
479 3506 601 3561 ordinem
622 3506 723 3570 rediit,
754 3506 790 3558 ad
811 3506 950 3560 dominum
971 3522 1106 3558 converse
1126 3508 1212 3573 signi-

120 3580 200 3631 ficare
217 3581 305 3633 voluit
322 3578 374 3633 boc
394 3582 452 3649 ipse
471 3578 591 3631 Christus
609 3578 676 3643 (loh.
693 3595 722 3630 ιο
740 3578 800 3649 32),
819 3596 880 3633 cum
899 3577 1003 3631 diceret
1017 3594 1099 3643 „cum
1116 3576 1211 3632 subls-

120 3659 160 3702 tns
179 3652 273 3712 litero,
293 3658 357 3703 tunc
375 3668 467 3705 ornnes
484 3647 519 3702 sd
538 3666 580 3702 me
600 3648 727 3702 traham.''

188 3724 223 3773 Et
241 3721 465 3785 animadvertito,
483 3720 582 3774 dilecte
599 3722 656 3784 fili,
674 3727 803 3773 nontam
825 3726 969 3789 propterea
987 3733 1057 3790 quse
1075 3718 1210 3781 diximus,

119 3794 276 3859 permittere
306 3792 386 3845 deum
405 3799 438 3845 ut
466 3792 506 3845 sol
529 3800 611 3863 etque
633 3792 697 3845 luna
715 3789 861 3852 deficient,
886 3807 967 3861 quam
984 3799 1016 3843 ut
1033 3788 1101 3841 haec
1121 3788 1211 3840 sidera

119 3864 244 3930 religiose
266 3863 404 3917 colentum
422 3863 567 3916 amentiam
585 3870 724 3931 coarguet,
749 3871 777 3913 et
793 3878 844 3913 rsus
863 3860 971 3913 erudiat
993 3868 1026 3912 ut
1043 3875 1101 3911 esse
1120 3861 1211 3911 omnin

118 3934 316 3987 mantionibrrs
334 3928 452 3988 obnoxie
463 3934 584 3987 sciamus.
602 3930 733 4007 quicquid
747 3941 838 3986 eutem
853 3930 1051 3987 mutationibus
1063 3927 1212 3983 obnoxiam

119 4014 171 4067 est,
187 4022 289 4057 namen
308 4020 366 4057 esse
383 4006 486 4077 nequit.

189 4075 350 4129 Huiusmodi
381 4075 513 4148 quaedam
538 4092 587 4145 per
617 4092 648 4127 ea
666 4092 737 4146 quae
760 4074 895 4128 sideribus
918 4072 1062 4134 accidunt,
1085 4070 1210 4123 homines

119 4146 232 4198 rationis
260 4156 398 4217 compotes
423 4146 561 4203 docentur.
580 4146 676 4199 iccirco
701 4154 838 4215 spectator
854 4146 903 4197 ille
923 4142 968 4195 dei
987 4143 1077 4193 Moses
1095 4142 1176 4209 (Gen.
1198 4157 1206 4192 r

124 4216 164 4285 ti)
183 4216 275 4289 inquit
293 4218 455 4281 ,consumit
474 4235 506 4271 ea
523 4218 552 4273 in
569 4218 644 4289 signs
662 4226 796 4290 tempore,
816 4214 890 4280 dies,
907 4214 1018 4267 anuos-'⁹
1036 4219 1118 4282 prout
1136 4212 1210 4265 enim
