3000 4859
200 241 202 250 ’
263 251 348 335 3ιό
598 278 812 343 urcitanus
838 276 999 341 ennean

262 422 343 490 ούτω
365 426 419 491 καί
437 426 471 489 ἐν
487 432 558 501 τοῖς
578 431 688 509 κρέασι
701 430 760 493 τοῦ
773 429 934 511 χρησίμου
951 426 986 489 τύ
1008 424 1164 510 βλαβερόν
1184 426 1340 505 διακρίνσ·

260 548 335 605 μεν,
358 523 428 587 ε’τιεί
457 522 596 605 λάχανόν
616 528 681 590 ἐστι
709 528 766 589 καί
794 526 829 589 τὸ
859 525 1006 603 κώνειον,
1037 518 1141 606 ούσσιερ
1161 526 1253 607 κρέας
1270 519 1340 585 ἐστι’
1417 568 1421 573 -

261 622 316 687 καί
331 618 365 685 τύ
396 618 542 704 γύσειον·
596 623 665 687 ἀλλ’
693 617 778 705 ὅμως
802 615 875 687 ούτε
900 621 1080 703 ὑοσκύαμον
1106 618 1202 706 φύγοι
1233 614 1272 683 ἄν
1290 640 1340 692 τις

260 723 336 783 νούν
372 716 453 801 ἔχων
460 769 471 801 ,
510 713 584 785 circ
614 720 707 795 κυνύς
727 718 845 803 ύιμαιτο
865 718 910 804 μὴ
937 717 1075 805 μεγάλης
1095 721 1230 803 αόύγκης
1248 739 1338 779 κατε.

224 826 249 878 Ι)
261 814 426 901 τεινούσης
436 868 446 900 ,
468 820 512 895 ὥς
533 814 551 881 δ’
566 843 601 901 γε
623 819 734 906 φαγών
755 823 813 883 ούκ
831 813 998 903 ἧνύμησε.”
1050 818 1203 899 μα’νθανε.
1214 810 1271 881 σύν
1287 813 1368 898 ὅτις

258 918 293 981 τὸ
326 916 483 1001 βλαβερὸν
514 920 715 1005 ἐκφεύγοντες
742 917 783 983 τὰ
816 922 876 999 μὲν
897 922 959 983 τῶν
980 918 1068 998 ζούοον
1086 921 1253 997 ε’σθίομεν,
1276 910 1338 979 ὅσα

260 1019 315 1081 καί
342 1022 463 1097 μᾶλλον
493 1008 620 1099 εύχομύ
641 1041 674 1083 τε
703 1017 759 1081 καί
784 1016 942 1102 τρόφιμα,
975 1016 1016 1082 τύ
1036 1020 1072 1081 δὲ
1090 1012 1339 1099 μυσαττύμεθα,

257 1118 405 1197 καχεξίας
425 1116 481 1179 καί
499 1113 575 1192 ἴσως
595 1116 648 1181 καί
668 1117 782 1199 οἷρύίας
804 1108 877 1180 ὄντα
898 1120 1081 1200 παρεκτικύ.
1102 1112 1199 1200 ταύτῃ
1217 1135 1267 1178 τοι
1285 1116 1348 1179 καί.

260 1208 356 1294 ύρσος
376 1212 405 1277 οἱ
424 1216 557 1296 πατέρες
577 1213 631 1278 ε’τιί
649 1216 772 1289 τούτοις
790 1218 968 1295 τεθείκασι,
990 1215 1024 1278 τύ
1045 1217 1151 1295 λίχνον
1169 1213 1339 1276 κάντεῦθεν

261 1310 347 1395 ἡμῶν
368 1312 619 1387 α’ναστὲλλοντες.
661 1316 716 1377 καί
736 1316 834 1378 ταῦτα
856 1316 916 1394 μὲν
936 1314 982 1397 τίς
998 1316 1156 1381 τοσοῦτον.
1353 1350 1397 1391 ,0

336 1402 444 1489 Ἄξιον
466 1413 500 1475 δὲ
521 1416 576 1477 καί
594 1414 687 1483 τινῶν
707 1409 855 1495 ἱστοριῶν
878 1414 1110 1496 ἐπιμνησθῆναι
1130 1407 1346 1497 φιλομαθείας

260 1509 356 1595 χάριν
385 1513 441 1592 τῆς
469 1513 527 1591 σῆς
555 1513 589 1574 ἐκ
615 1514 670 1595 τῆς
695 1504 833 1594 Ἰοοθήθ.
882 1508 1207 1593 ύΝσβοοχούονύσορ
1229 1499 1282 1571 ita
1303 1507 1339 1571 τὸ

259 1608 303 1691 μή
325 1610 533 1693 ἐπικουρῆσαι
555 1612 641 1697 αύτῷ
662 1609 782 1683 πάντας
812 1606 863 1673 ὅτε
883 1613 1027 1690 ἐπολέμει
1046 1607 1124 1690 μετὰ
1143 1612 1201 1671 τοῦ
1218 1605 1341 1691 Ἀρφα·

260 1710 316 1786 ξύ,
348 1708 505 1771 ἐπέστειλε
542 1706 596 1773 τὸν
630 1706 804 1792 στρατηγὸν
832 1709 932 1772 αύτού
955 1707 1144 1794 Ὁλοφέρνην
1174 1704 1252 1770 κατὰ
1281 1704 1341 1766 τεύ-

261 1828 319 1889 σρς
337 1805 391 1887 τῆς
411 1808 488 1888 γῆς,
516 1806 612 1871 εἰπών
644 1802 724 1891 τιρὸς
743 1806 844 1870 σύτύν
864 1805 959 1887 ,τάδε
980 1810 1063 1889 λέγει
1079 1803 1230 1886 βασιλεύς
1248 1802 1265 1865 t
1285 1807 1341 1883 μέ·
1356 1822 1399 1884 ,5

261 1928 336 1988 γας,
367 1898 383 1967 ὃ
403 1902 509 1985 κύριος
537 1903 637 1989 πάσης
656 1910 713 1987 τῆς
735 1908 819 1988 yria?
861 1909 914 1991 ἐφ’
932 1897 961 1994 qi
979 1905 1035 1969 καί
1051 1905 1131 1969 κατὰ
1151 1904 1270 1987 ταύτην
1286 1900 1342 1983 τὴν

262 2004 405 2068 κέλευσον
437 2000 605 2087 οἶσαίροντι
632 2006 677 2091 aqi
703 2006 876 2090 Ὁλοφὲρνη
905 2003 983 2068 κατὰ
1012 2002 1188 2081 Ἰουδαίων,
1209 1998 1344 2085 ἔφηκαὶ

263 2102 337 2165 ariis
358 2096 375 2163 ὁ
399 2100 590 2186 Ἀμμανίτης
607 2101 726 2185 Ἀχιιύρ
748 2104 802 2183 ,,ει’
820 2104 878 2182 μὲν
898 2099 984 2166 ἔστιν
1004 2102 1143 2186 α’γνόημα
1163 2106 1197 2165 ἑν
1216 2104 1258 2185 aqi
1278 2101 1343 2185 λαρῖ

163 2208 195 2265 v.
209 2200 362 2285 ι3ιτούτιρ
392 2202 448 2265 καί
468 2199 701 2285 ἁμαρτάνουσιν
734 2204 779 2274 εἰς
800 2199 950 2265 τὸνθεόν
971 2199 1092 2279 αύτῶν,
1112 2198 1344 2282 α’ναβρσσύμεθα

265 2297 319 2365 καί
335 2298 595 2383 ἑκασλεμήσιομτν
627 2300 761 2375 αύτούς·
803 2300 834 2363 εί
852 2302 887 2362 δὲ
908 2298 951 2383 μή
975 2322 1027 2381 γε,
1046 2303 1229 2383 παρελθέτω
1252 2294 1268 2359 ύ
1289 2296 1399 2379 resi-20

268 2612 389 2663 oleribus
416 2612 490 2680 quod
514 2612 624 2661 nonium
645 2620 698 2673 est,
723 2612 757 2663 ab
781 2629 813 2663 eo
832 2613 992 2663 secernimus
1017 2608 1091 2681 quod
1108 2618 1220 2662 naturae
1236 2615 1343 2660 nostae

268 2682 409 2743 convenit,
427 2682 466 2733 sic
484 2681 566 2731 etiem
583 2682 611 2731 iu
629 2681 756 2733 carnibus
773 2682 808 2733 ab
825 2684 940 2735 utilibus
958 2698 1144 2750 quaecumque
1161 2680 1260 2733 noxiae
1280 2687 1348 2730 suut

268 2752 438 2804 secernimus.
462 2768 523 2801 uam
542 2759 569 2803 et
587 2752 674 2803 cicuta
693 2752 807 2821 perinde
836 2755 939 2804 olerum
960 2752 1142 2821 appellatione
1162 2752 1253 2811 venit,
1269 2756 1348 2799 utet

267 2824 405 2874 vulturum
432 2836 523 2873 carnes
540 2838 588 2890 pro
607 2822 731 2874 carnibus
752 2822 894 2875 ducuntur.
920 2840 999 2875 necno
1017 2831 1108 2874 tamen
1123 2822 1219 2873 mentis
1236 2836 1347 2887 compos

268 2893 458 2959 hyoscyamum
484 2890 630 2944 comederit
655 2910 706 2945 nec
735 2910 841 2945 caruem
865 2896 987 2945 caninam
1010 2894 1174 2961 gustaverit,
1199 2890 1251 2942 nisi
1275 2890 1347 2941 sorte

268 2980 363 3030 magua
380 2960 511 3082 quaedam
531 2964 677 3015 necessitas
699 2973 805 3033 urgeat,
824 2965 899 3034 quod
923 2963 1032 3033 qraidem
1053 2964 1076 3015 si
1102 2963 1258 3023 osuveniat‚
1274 2959 1347 3010 nibil

267 3032 320 3085 hoc
335 3050 377 3083 mo
399 3050 415 3083 ο
437 3049 545 3085 vesceue
573 3032 715 3105 delinquit.
737 3045 902 3104 quapropter
927 3036 994 3086 scire
1013 3032 1096 3085 debes
1113 3049 1163 3084 uos
1183 3048 1264 3100 opera
1282 3029 1350 3080 data

268 3120 311 3155 res
329 3103 422 3154 noxias
441 3104 572 3167 aversari,
593 3112 622 3155 et
637 3105 668 3155 iis
685 3104 796 3175 quidem
813 3105 975 3156 animalibus
992 3106 1063 3156 vesci
1081 3116 1258 3173 quaecunque
1274 3100 1349 3151 succi

268 3172 336 3227 boni
352 3181 415 3225 sunt
433 3174 555 3242 utileque
573 3175 767 3228 nutrimentum
785 3178 931 3245 praebent,
948 3176 982 3227 ab
1001 3176 1062 3227 aliis
1083 3183 1173 3225 autem
1193 3165 1349 3231 abhorrere,

270 3260 340 3313 quae
358 3244 428 3295 forte
456 3242 638 3295 valetudinem
666 3245 864 3297 incommodam
888 3246 932 3298 vel
950 3245 1055 3315 aliquid
1074 3244 1148 3295 aliud
1168 3244 1287 3310 ingratae
1307 3240 1348 3291 rei

270 3314 349 3367 nobis
367 3314 422 3365 sint
438 3316 629 3379 conciliatura,
648 3317 670 3367 si
688 3318 869 3368 comedantur.
891 3317 972 3386 prisci
991 3314 1102 3386 quidem
1119 3314 1162 3365 illi
1181 3322 1269 3381 patres
1289 3328 1350 3361 cer-

271 3394 312 3437 tas
330 3384 408 3435 uobis
426 3382 476 3435 hac
492 3386 520 3437 in
538 3394 613 3455 parte
632 3386 705 3455 leges
715 3389 953 3457 praescripserunt,
970 3396 1002 3438 ut
1018 3386 1141 3437 lasciviae
1160 3382 1350 3451 voluptatique

270 3463 379 3507 nostrae
395 3454 504 3507 modum
517 3464 674 3508 statuerent
693 3476 723 3509 ao
741 3456 775 3508 ‹le
793 3456 835 3509 bis
849 3472 913 3509 sane
929 3456 1032 3509 «lictum
1052 3456 1182 3507 hactenus
1199 3461 1265 3515 eato.
1282 3451 1350 3519 quia

271 3542 335 3575 vero
353 3524 472 3577 studium
490 3527 519 3576 in
542 3525 670 3578 discendo
699 3536 774 3579 tuum
794 3528 863 3579 mibi
882 3536 1052 3596 perspectum
1072 3535 1127 3589 est,
1146 3539 1243 3592 operae
1263 3522 1351 3590 preti-

266 3610 316 3679 nm
336 3592 454 3648 lecturus
478 3613 551 3661 sum,
570 3597 595 3649 ei
618 3598 785 3667 quarundam
805 3616 839 3650 en
863 3596 989 3649 loditbae
1005 3597 1075 3649 libro
1092 3596 1276 3649 narrationum
1290 3608 1351 3643 me-

271 3682 383 3717 minero.

340 3735 589 3789 Nabuchodonosor
610 3744 752 3806 propterea
771 3737 845 3807 quod
870 3737 994 3788 nationes
1011 3745 1133 3788 caeterae
1152 3734 1205 3787 sibi
1222 3732 1352 3784 adsersus

270 3806 421 3875 brplraxam
440 3808 543 3859 bellum
560 3808 664 3875 gerenti
682 3822 761 3877 opem
778 3825 835 3860 nou
856 3808 996 3870 tulissent,
1017 3808 1155 3875 copiarum
1169 3821 1278 3867 suarum
1298 3803 1352 3851 im-

269 3886 423 3946 peratorem
441 3877 624 3945 Olophernem
643 3874 769 3929 adversus
793 3878 902 3946 quosvis
920 3878 1069 3945 ablegavit,
1088 3892 1172 3945 seque
1189 3876 1273 3925 totins
1292 3882 1350 3923 ter-

270 3965 357 3999 rarum
376 3948 449 3999 orbis
466 3964 590 4014 magnum
608 3964 696 4015 regem
711 3966 741 3998 uc
761 3948 899 3999 dominum
916 3948 1072 4017 appellavit.
1091 3946 1144 3997 hoe
1159 3946 1287 3995 mandato
1305 3958 1353 3991 ac·

270 4026 350 4085 cepto
370 4016 496 4069 adversus
514 4016 627 4069 ludaeos
639 4017 807 4086 Olophernes
825 4018 915 4087 copias
935 4027 1032 4070 movet
1051 4036 1113 4069 eum
1129 4015 1228 4067 Acbior
1244 4014 1355 4065 Amma-

270 4088 342 4137 uites
361 4087 389 4139 in
407 4087 475 4138 banc
493 4090 653 4137 seutentiam
671 4105 795 4139 ruonrre:
821 4088 845 4139 si
861 4088 935 4156 quod
954 4098 1024 4141 esset
1041 4088 1169 4140 delictum
1185 4086 1244 4136 eius
1260 4085 1354 4135 natio·

271 4158 315 4210 nis
332 4174 386 4229 quo
414 4156 495 4209 deum
514 4156 703 4221 attendissent,
729 4169 802 4211 recte
820 4176 848 4210 se
867 4160 1003 4226 tacturos,
1020 4160 1042 4212 si
1060 4160 1196 4227 regionem
1214 4155 1288 4207 illam
1307 4154 1354 4205 in·
