3000 4859
472 341 687 428 suuruuu
718 341 825 408 ulus
856 347 882 407 1.
1135 313 1214 398 105

206 500 239 563 Γ
236 498 348 560 nosse
368 494 404 557 δὲ
422 495 529 576 τοῦτο,
552 489 604 558 ότι
625 496 806 577 γεννήτορες
824 495 884 558 τοῦ
904 491 1070 577 όρυόματος
1091 491 1215 575 μόσχου

122 597 155 663 οἳ
174 597 208 662 ἓν
227 591 327 681 Ἰνδίᾳ
357 593 523 673 νεμόμενοι
553 590 678 678 ἔλαφοι,
736 595 832 658 ου’όὲν
865 590 926 675 γόρ
957 590 1064 678 ἕτερόν
1093 593 1162 656 ἐστι
1180 589 1215 655 τό

122 695 385 778 πολυθρόλλητον
404 696 496 757 τοῦτο
519 684 635 776 ῦροιμα
651 687 674 775 ἢ
693 687 774 771 αἷμα
795 690 916 778 ε’λόφου
939 693 1246 772 ἑσποργανοσμὲνονΒ

12 832 13 867 ι
122 794 225 882 ἔν’τιῦ
244 790 398 880 ὀμφαλῷ·
418 793 493 873 περι·
512 795 620 872 μέντοι
639 788 679 855 τό
701 794 775 876 τέλη
797 793 856 855 τοῦ
878 787 968 875 ἔαρος
989 788 1131 876 diurnas
1156 785 1219 854 σόο-

97 898 186 976 5περ
206 916 238 957 τι
256 888 451 976 περίττωμα.
492 889 609 966 course
629 891 723 954 ου’όέν
741 916 772 954 τι
791 891 887 974 μέρος
908 889 1011 954 αότοῦ
1030 884 1221 970 συλλεγόμε-

125 1015 199 1058 νον·
243 989 317 1056 ἄλλ’
348 985 480 1054 ἕπειόόν
496 987 604 1077 χρόνῳ
634 992 796 1077 ταμιευθῇ
817 992 872 1054 καί
890 990 936 1064 εἷς
958 982 1071 1072 ἑτέραν
1092 981 1221 1070 ἤπειρον

124 1091 348 1176 μετακομισθῇ
356 1137 365 1169 ,
399 1092 572 1171 τηνικαῦτα
593 1087 629 1153 τό
645 1089 764 1164 εόιῦόες
783 1092 909 1168 πνεῦμα
930 1086 1073 1173 docilitas
1097 1089 1221 1170 λέγεται

126 1193 167 1256 di
184 1186 235 1256 ότι
256 1186 276 1271 ἦ
297 1186 418 1274 ἔλαφος
437 1187 610 1272 θελγομόνρ
630 1178 698 1275 ἥχιρ
721 1187 829 1251 αῦλοῦν
843 1188 899 1251 καί
916 1183 1079 1271 sonitus
1097 1182 1152 1249 τόν
1170 1185 1261 1268 όγ-Υ.
1273 1199 1304 1266 43

125 1288 188 1372 γός
207 1285 340 1371 τοξότην
373 1281 435 1368 οόγ,
465 1284 523 1372 ὁρᾷ
558 1289 614 1350 κατ’
639 1285 809 1364 τοξεύεται.
853 1282 939 1360 odron
972 1285 1029 1350 καί
1047 1281 1137 1368 ἡμεῖς
1156 1279 1220 1346 ῦπό

85 1391 194 1454 ιοτῦν
212 1391 272 1452 τοῦ
291 1383 412 1466 κόσμου
433 1387 576 1470 τερπνοῦν
604 1381 853 1466 καταυλούμενοι
876 1386 1021 1467 οῦδαμοῦ
1041 1385 1224 1468 συνορῶμεν

128 1486 184 1554 τόν
202 1489 278 1552 καθ’
313 1483 401 1568 ἡμᾶς
436 1480 586 1570 όσρότσις
611 1486 719 1567 βέλεσι
740 1484 916 1568 χριόμενον.
958 1481 1037 1548 itti
1058 1483 1112 1546 καὶ
1132 1504 1224 1564 cotug·

127 1589 196 1670 χοῦς
213 1586 269 1650 ἐπὶ
289 1584 398 1673 όρόμιρ
416 1581 475 1668 τὴν
495 1581 615 1670 ἔλαφον
638 1581 678 1647 τό
692 1585 785 1648 τέκνα
806 1579 976 1666 γυμυόζειν
995 1581 1094 1665 αὐτῆς
1114 1571 1223 1663 λέγου-

129 1708 174 1753 σι.
224 1685 319 1749 τοῦτο
346 1684 382 1745 δὲ
410 1682 589 1772 ρόκονόμησο
614 1677 740 1756 πάντας
773 1679 790 1744 ό
812 1680 886 1757 θεός
908 1677 985 1758 τοῦς
1003 1682 1251 1765 νωθροτὲρουςῦ

130 1784 292 1868 ἔντρόπειν
311 1789 421 1864 γονεῖς.

88 1888 125 1952 15
209 1878 300 1946 'Au’
321 1875 383 1961 όρα
395 1878 559 1945 κάνταῦθα
573 1881 763 1964 κηδεμονίαν
777 1883 865 1946 θεοῦ.
887 1876 997 1961 ἐπειδὴ
1012 1877 1071 1963 γόρ
1087 1875 1177 1942 τουτὶ
1187 1875 1222 1942 τό

134 1984 223 2061 ζῶον,
236 1979 259 2064 ἦ
274 1977 395 2065 ἔλαφος
409 1979 562 2063 δηλονότι,
580 1977 684 2045 δειλόν
705 1981 774 2046 ἐστι
789 1980 843 2045 κατ’
857 1978 910 2044 διό
924 1983 1014 2042 τοῦτο
1034 1987 1149 2064 φυγαῖς
1170 1973 1228 2042 αἐό

132 2101 206 2144 ποτε
222 2081 387 2162 κέχρηται,
408 2078 699 2163 προκατεσκεύασεν
720 2075 821 2162 αὐτὴν
842 2079 859 2141 ό
879 2074 956 2150 θεός
974 2072 1057 2140 ὥστε
1076 2099 1222 2158 παρακα·

131 2182 237 2262 silus
268 2178 424 2264 ἀσφαλοῦς
452 2181 487 2244 ἐν
515 2181 554 2265 τῇ
579 2175 683 2268 μήτρᾳ
701 2175 740 2243 τό
773 2175 884 2262 ἔγγονα
906 2171 1015 2259 αότῆς.
1055 2173 1111 2238 κατ’
1130 2175 1224 2257 δῆλον

132 2279 169 2343 όν
187 2286 253 2353 τοϊς
272 2281 337 2343 τῶν
358 2282 592 2360 περιεχομένων
607 2281 651 2366 τῷ
670 2278 740 2360 'leid
760 2281 804 2366 τῷ
823 2279 970 2362 μακαρόιρ
991 2273 1097 2360 ἒκεόνιρ
1121 2273 1223 2355 όνόρό.

89 2379 304 2462 οοτιγνικαῦτα
332 2381 483 2460 κριθῆναι
509 2375 589 2456 μετό
626 2380 708 2441 θεοῦ
730 2378 854 2461 ἐζήτει,
889 2373 945 2440 καὶ
968 2370 1043 2438 ια’όε
1060 2370 1140 2458 πρός
1159 2379 1226 2448 τοῖς

133 2471 243 2555 ἄλλοις
273 2475 381 2561 ἔλεγεν
407 2475 425 2542 ό
456 2475 532 2554 θεός
556 2475 742 2566 „rutilatae
772 2476 890 2554 ὠδῖνας
919 2469 1065 2561 ἐλάφων,
1085 2475 1225 2560 η’ρόθμη·

202 2649 229 2702 8.
248 2641 295 2701 ότι
313 2625 416 2702 deerat

203 2816 263 2870 lioc
293 2832 405 2889 quoque
431 2819 602 2886 cognoscito,
627 2817 686 2871 eius
710 2819 839 2872 oromatis
866 2817 942 2889 qnod
959 2831 1079 2870 muscum
1098 2815 1226 2882 dicimur,
1295 2809 1299 2822 '

137 2895 260 2940 auctores
274 2904 334 2940 esse
352 2906 442 2941 cervos
459 2889 522 2943 illos
541 2891 588 2959 qui
605 2897 727 2942 montem
744 2890 840 2942 Indiae
857 2889 994 2960 quendam
1011 2890 1144 2941 incolunt
1163 2905 1226 2939 nam

137 2959 346 3011 celeberrimum
364 2956 416 3012 hoc
435 2975 525 3010 oroma
543 2959 615 3012 nihil
633 2970 677 3013 ert
693 2960 771 3012 aliud
789 2977 870 3032 quam
887 2977 1025 3012 cervorum
1044 2959 1160 3028 sanguis,
1179 2957 1226 3028 qul

138 3030 172 3082 de
191 3029 324 3082 umbilico
351 3039 431 3100 rupto
455 3030 591 3098 profluxit
619 3030 692 3082 huuc
720 3031 764 3083 illi
789 3032 913 3082 extremis
940 3032 968 3082 in
986 3031 1110 3100 partibus
1127 3029 1227 3080 montis

137 3102 266 3153 rriieiunt
285 3101 363 3170 quasi
380 3100 517 3171 quoddam
539 3109 747 3154 excrementum.
766 3117 880 3172 cumque
899 3101 1055 3170 colligitur,
1074 3101 1149 3151 nulla
1166 3115 1228 3168 pars

137 3171 196 3223 einr
213 3171 328 3223 odorem
344 3181 449 3240 gratum
468 3171 560 3223 hebet.
577 3188 671 3224 verum
688 3173 736 3223 ubi
753 3181 817 3241 post
833 3173 961 3240 temporis
980 3169 1092 3240 aliquod
1112 3171 1228 3239 spatium

136 3243 285 3313 inquiritur
305 3249 334 3294 et
349 3242 417 3294 elias
435 3241 471 3293 ud
489 3251 574 3295 terras
594 3243 715 3296 delatum
736 3251 793 3305 est,
811 3251 868 3294 tum
885 3241 985 3293 deiude
1002 3241 1174 3310 fragrtntinm
1193 3241 1230 3290 il-

137 3311 191 3364 iam
215 3314 309 3382 spiret.
333 3314 410 3365 niurit
437 3314 503 3365 item
528 3330 651 3377 cervam,
677 3312 742 3376 clurn
765 3312 894 3364 tibiarum
919 3327 986 3364 sono
1005 3321 1034 3364 et
1053 3310 1229 3364 tintinabulis

138 3383 299 3445 delectatur,
320 3383 471 3436 adstantem
494 3400 579 3454 prope
600 3384 768 3454 sagittarium
785 3400 841 3436 nou
859 3399 970 3435 cernere
987 3381 1146 3452 sagittisque
1163 3397 1229 3434 cou-

138 3455 193 3522 dgi.
211 3455 252 3506 sic
269 3469 320 3506 nus
350 3471 477 3524 quoque,
507 3454 572 3506 dum
588 3454 775 3526 voluptatibus
803 3453 882 3506 huius
901 3453 996 3506 muudi
1051 3454 1091 3506 asi
1110 3451 1230 3504 modulis

139 3523 302 3596 quibusdum
313 3523 444 3577 tibiarum
462 3525 639 3590 oblectamur,
657 3524 840 3578 adversarium
856 3534 979 3577 nostrum
997 3540 1080 3594 pane
1097 3539 1229 3593 nusquam

139 3596 291 3659 ceruimus,
318 3595 578 3665 iundspectabilibus
599 3605 692 3650 contro
716 3613 768 3648 nos
784 3595 847 3648 telis
865 3604 997 3648 utentem.
1014 3603 1156 3665 praeterea
1174 3601 1230 3645 ιτα.

139 3667 210 3718 dunt
226 3683 333 3719 cervam
351 3665 460 3718 assiduo
471 3668 542 3720 fetus
560 3685 621 3720 suos
640 3684 718 3720 cursu
732 3682 864 3718 exercere.
883 3667 973 3718 voluit
993 3665 1045 3720 hoc
1058 3664 1169 3718 omniuo
1190 3665 1230 3714 sic

140 3736 199 3789 fleri
220 3737 305 3802 deus,
322 3746 354 3788 ut
364 3739 524 3806 parentibus
541 3739 643 3806 ignaris
657 3737 789 3810 pudorem
811 3739 952 3789 incuteret.

208 3808 278 3859 lleic
295 3823 407 3878 quoque
423 3809 468 3860 dei
494 3810 690 3878 providentiam
713 3823 859 3878 curamque
885 3807 953 3860 mihi
972 3806 1150 3860 consideratu.
1169 3819 1229 3855 curn

140 3878 242 3930 animal
258 3877 312 3931 lnoc
327 3878 453 3931 timidum
471 3880 507 3932 sit
524 3895 555 3931 ec
574 3889 718 3952 propterea
734 3896 876 3950 nunquam
891 3895 949 3932 non
966 3887 1060 3930 utatur
1076 3892 1168 3936 cursu,
1187 3883 1231 3926 ta·

140 3948 193 4000 leni
212 3966 308 4002 cenae
327 3957 489 4002 structuram
507 3950 575 4003 deus
596 3951 698 4015 effecit,
711 3957 744 4002 ut
761 3951 832 4004 setus
849 3967 910 4003 suos
929 3951 958 4001 in
977 3957 1054 4000 utero
1073 3948 1139 3999 citra
1156 3945 1231 4014 peri·

140 4020 232 4072 culum
256 4021 344 4072 ullum
374 4029 462 4089 gertet
486 4037 518 4076 ae
538 4023 663 4074 retineat.
685 4029 763 4092 putet
777 4020 830 4072 hoc
849 4019 884 4072 de
902 4020 958 4073 illis
980 4020 1061 4071 etinin
1080 4031 1150 4088 quoe
1172 4014 1231 4066 lobi

141 4089 214 4142 libro
233 4093 415 4144 continentur.
435 4110 498 4144 narn
518 4093 554 4144 ad
572 4095 659 4144 virum
677 4093 757 4144 illum
774 4092 902 4155 beatum,
923 4108 982 4142 cum
1002 4089 1153 4159 disceptare
1170 4101 1232 4136 cum

143 4157 195 4213 eleo
211 4163 310 4225 vellet,
327 4163 400 4215 iuter
418 4163 472 4214 alia
493 4163 561 4216 deus
579 4165 632 4216 hoe
648 4173 759 4235 quoque
776 4164 880 4234 profert
898 4161 968 4232 (lob.
988 4161 1023 4227 39
1044 4161 1068 4231 ι)
1094 4166 1164 4221 „tun
1181 4155 1232 4205 ob-

145 4235 255 4287 rervasti
267 4243 362 4306 partus
379 4251 526 4299 terrarum,
544 4249 684 4289 meusesve
699 4234 849 4288 numerasti
866 4231 966 4306 quibus
983 4239 1091 4284 uterum
1104 4225 1232 4284 teritur
