3000 4859
251 274 334 374 ost
585 296 802 363 uicusuus
831 294 995 361 oureus

249 448 308 512 οὖν
331 440 508 534 όνυγρόφει
529 450 654 533 Μωσῆς
674 444 781 529 τόσπερ
803 444 843 529 δὴ
862 448 924 511 sois
945 442 1007 507 ἀπό
1028 446 1087 507 τοῦ
1107 446 1191 531 Σήθ
1231 438 1338 521 ἄλλως

247 571 283 613 τε
299 546 355 611 sui
373 554 501 630 σημεῖον
521 550 581 611 τοῦ
600 549 680 612 θεοῦ
710 546 817 621 δόντος
837 546 881 631 τῷ
909 540 997 608 Κόϊν
1016 546 1075 607 τοῦ
1093 544 1137 629 μη
1161 546 1340 627 ἀναιρεθῆ-

248 671 302 712 ναι
325 650 469 731 (σημεῖον
501 647 536 709 δέ
562 646 687 728 υοητεόν
713 639 734 730 ἢ
757 642 813 709 τόν
835 638 908 727 όρον
943 641 1044 707 ου’τόν
1062 644 1121 707 τοῦ
1139 647 1218 708 θεοῦ
1239 638 1259 729 ἢ
1281 643 1339 708 τόν

248 749 310 810 τοῖν
330 750 435 827 μελιῦν
454 745 555 808 ου’τοῦ
574 745 693 831 κλόνον)
713 747 780 819 ποῦς
809 743 949 830 α’νηρέθη
967 741 1076 807 λοιπόν
1083 767 1095 822 ,·

334 846 375 909 Εἰ
404 844 440 907 δὲ
475 846 575 927 ζητεῖς
596 844 662 919 πῶς
681 840 718 907 τό
751 839 804 926 ἔτη
822 846 884 907 τοῖν
906 836 968 905 ἀπό
990 842 1049 904 τοῦ
1069 843 1155 907 Κόῖν
1175 844 1232 907 osis
1254 835 1368 907 τόνοι-5

221 953 226 963 “
250 940 370 1026 γράφει
394 944 535 1024 Μωσῆς,
570 939 586 1006 ό
605 945 705 1023 μέρος
726 937 887 1024 Κόριλλος
906 942 940 1005 ἐν
958 948 1023 1015 τοῖς
1042 946 1218 1027 γλαφυροῖς
1233 935 1337 1005 οῦτοῦ

223 1038 373 1117 Βόιόόξει
393 1063 430 1104 σε
461 1043 558 1123 λέγων
592 1036 645 1105 ότι
676 1041 715 1103 οῦ
748 1044 817 1103 κατ’
845 1032 974 1121 ἄγνοιαν
1001 1044 1059 1103 τοῦ
1077 1042 1175 1122 θεοῦ,
1197 1039 1265 1105 ἀλλ’
1287 1034 1338 1105 ότι

251 1144 314 1203 τεόν
341 1138 538 1223 ἁμαρτωλῶν
569 1138 610 1204 τῦ
631 1138 685 1223 ἔτη
713 1143 770 1203 κατ’
790 1137 897 1213 όπλιός
918 1137 975 1203 καὶ
994 1137 1052 1225 την
1073 1137 1157 1223 ζωόν
1177 1140 1280 1203 οότοῦν
1300 1141 1338 1205 έν

248 1242 346 1326 βιβλιρ
370 1236 491 1318 ζώντων
510 1242 728 1322 γεγραμμένην
747 1236 833 1320 ἔχειν
854 1239 892 1301 ου’
912 1242 1008 1303 θέλει.
1034 1238 1118 1303 ιιοθό
1140 1239 1175 1303 δὲ
1197 1242 1242 1327 trgi
1263 1240 1336 1301 δια-

249 1341 404 1423 ληφθέντι
430 1338 531 1421 πστρί
549 1334 645 1413 τόπος
671 1331 712 1421 ἦν
732 1335 749 1400 ό
770 1332 857 1401 Κόϊν
875 1340 932 1401 sat
950 1333 966 1401 ό
982 1330 1079 1419 Ἅβελ
1098 1341 1155 1401 τοῦ
1176 1334 1335 1419 πρωτοτό-
1350 1362 1390 1403 ro

249 1459 307 1499 κου
337 1440 503 1501 λαοῦ·τοῦ
521 1439 667 1520 Χριστοῦ
688 1459 723 1501 τε
750 1439 806 1501 soi
826 1439 888 1501 τιῦν
909 1438 955 1512 εἰς
975 1434 1072 1503 ου’τόν
1091 1431 1337 1507 πιστευσάντων.

251 1529 357 1619 οόσπερ
385 1532 446 1619 γόρ
476 1531 492 1599 ό
525 1535 613 1599 Κόῖν
641 1531 696 1598 διό
723 1531 845 1619 φθόνον
873 1533 929 1599 κατ’
958 1534 993 1598 τό
1017 1538 1072 1600 τοῦ
1093 1536 1235 1619 ditionii
1256 1526 1338 1613 οἶμα

250 1633 341 1717 ἐξέβη
371 1632 433 1696 α’πό
466 1633 636 1717 προσώπου
662 1636 760 1714 θεοῦ,
788 1635 842 1698 vni
865 1630 929 1718 μην
957 1632 1013 1697 καί
1030 1634 1195 1719 κοτηρόθη
1217 1634 1338 1697 στένειν

250 1730 306 1793 sas*
324 1737 448 1814 τρέμειν
467 1733 523 1795 έπέ
551 1734 606 1816 τῆς
637 1733 695 1815 γῆς
714 1734 913 1815 περιπατῶν,
945 1728 1047 1809 οῦτοος
1065 1727 1128 1817 όροε
1149 1736 1205 1797 κοτ’
1222 1730 1238 1795 ὅ
1260 1733 1336 1796 'Iou-

149 1894 154 1904 ,
222 1827 360 1905 centeii
381 1828 435 1894 διό
456 1828 576 1916 φθόνον
595 1834 650 1897 καί
666 1830 703 1895 τό
721 1834 780 1896 τοῦ
793 1834 936 1913 Χριστοῦ
956 1824 1036 1911 αἷμα
1051 1834 1141 1915 ἐξέβη
1162 1827 1224 1895 (ι’πό
1239 1853 1336 1917 προσ·
1348 1832 1388 1895 ι5

251 1924 337 1992 duno
358 1932 419 1993 τοῦ
436 1932 517 1993 θεοῦ
537 1932 595 1993 κατ’
610 1939 779 2015 περιπατεῖ
793 1933 907 1995 οτένοον
926 1935 981 1995 καί
1001 1934 1133 2015 τρέμων.

334 2032 469 2111 Σημεῖον
485 2022 543 2095 οῦν
565 2030 683 2095 όὲδοοιιε
703 2034 746 2119 regi
769 2028 854 2095 Κόϊν
872 2028 890 2093 ό
909 2026 1000 2110 θεός,
1023 2025 1104 2095 τόστε
1124 2028 1168 2113 μὴ
1193 2030 1339 2116 φονευθῇ

252 2125 340 2212 παρέ
360 2150 462 2209 τινος,
493 2127 537 2204 oie
566 2130 683 2205 ένεῑνος
703 2126 889 2193 ὑπώπτευε·
930 2130 985 2194 καὶ
1007 2127 1134 2211 ,,έστοι”
1153 2128 1212 2212 γάρ
1235 2152 1338 2215 φησι,

252 2230 335 2308 ,μῦς
367 2223 561 2312 όεῦρέσιιοον
587 2252 629 2309 με
655 2223 823 2293 ἀποκτενεῖ
846 2232 917 2309 με.”
965 2226 983 2291 ό
1017 2231 1052 2293 δὲ
1072 2227 1220 2311 Ἰώσηπός
1239 2250 1339 2313 φησιν

253 2321 304 2390 ότι
324 2324 379 2392 τόν
401 2324 480 2393 θεόν
505 2326 523 2391 ό
544 2325 789 2412 notitiem,
815 2324 936 2413 μήποτε
956 2326 1081 2412 θηρίοις
1101 2324 1261 2409 τέλοόμενος
1281 2344 1390 2390 πε.το

326 2511 347 2548 ι.
365 2495 481 2570 Μωσῆς]
500 2497 606 2563 Μωσῆς
623 2490 658 2551 τό
673 2496 738 2564 lto?
828 2514 855 2567 9·
871 2494 1050 2567 diopistim
1067 2496 1097 2550 F.

253 2638 345 2701 potest
361 2650 427 2684 nurn
445 2632 544 2685 Cninus
564 2632 653 2685 stunc
665 2633 791 2685 Lamechi
813 2636 979 2705 temporibus
999 2642 1134 2705 superstes
1152 2632 1253 2687 suerit?
1270 2634 1339 2687 certi

253 2702 326 2755 uiuit
344 2704 427 2755 stetui
445 2702 480 2754 de
508 2704 561 2754 hoc
580 2713 688 2773 potest,
707 2722 767 2755 eum
792 2720 878 2758 anuos
907 2715 1074 2775 posterorum
1092 2706 1170 2757 Cuiui
1191 2704 1279 2756 Moses
1300 2706 1339 2757 its

254 2774 402 2825 memoriee
420 2789 477 2825 nou
503 2773 672 2844 prodiderit,
692 2783 722 2827 ut
747 2774 923 2827 oriundoruru
942 2794 957 2829 n
979 2776 1076 2829 Setho:
1099 2792 1134 2828 ne
1153 2774 1239 2827 diceus
1257 2774 1339 2827 deum

254 2842 340 2894 Caino
371 2839 507 2914 quendam
534 2846 692 2914 opposuisse
719 2854 826 2908 notam,
858 2862 893 2899 ne
922 2864 937 2899 s
967 2864 1103 2918 quoquam
1121 2854 1270 2899 necaretur.
1289 2861 1340 2915 per

254 2913 327 2965 hanc
342 2930 406 2965 vero
429 2922 523 2965 nomm
539 2917 584 2967 vei
602 2917 611 2966 i
631 2932 660 2967 se
678 2914 722 2967 dei
744 2914 779 2967 de
798 2915 881 2968 Cuiuo
904 2921 1039 2971 sententis
1061 2916 1144 2969 debet
1160 2914 1277 2985 intelligi
1294 2916 1341 2969 vel

256 2981 436 3094 membrorum
458 2984 516 3037 eius
533 2986 604 3057 trepi
643 2986 689 3039 tio.
710 3001 826 3057 quonam
844 2988 927 3059 igitur
942 2998 1021 3061 pacto
1039 2987 1093 3040 dici
1109 2995 1202 3058 potest
1219 3002 1277 3039 esse
1295 2987 1340 3039 in·

256 3062 341 3107 terem
363 3062 423 3108 tus.

326 3073 383 3177 Ιῦστ
410 3128 434 3178 si
460 3144 573 3197 quaeras
602 3129 777 3199 quemobrem
796 3128 885 3181 Moses
901 3128 976 3180 Crini
993 3136 1161 3197 posterorum
1179 3142 1264 3179 anuos
1282 3144 1340 3181 uon

258 3198 439 3260 recensuerit,
461 3215 572 3268 magnus
597 3200 646 3252 ille
664 3198 716 3252 tibi
734 3200 850 3267 Cyrilius
876 3202 904 3251 iu
926 3198 1069 3268 Glaphyris
1090 3200 1145 3251 sive
1163 3198 1340 3251 serietatibus

258 3266 314 3316 suis
334 3266 517 3337 respondebit.
535 3285 590 3320 non
605 3269 658 3323 hoe
675 3272 774 3321 facturn
793 3278 842 3335 est,
860 3271 965 3341 inquit,
981 3286 1017 3321 ex
1034 3270 1203 3339 ignoratione
1223 3268 1340 3338 quadam

258 3336 312 3399 dei,
329 3336 378 3388 sed
395 3341 459 3407 quin
476 3348 645 3410 peccatorum
658 3358 742 3393 nonos
760 3346 899 3410 totamque
916 3340 983 3391 ndeo
1001 3340 1084 3391 vitem
1102 3340 1172 3391 libro
1189 3339 1340 3392 visentium

257 3408 399 3493 ⁰⁰Ptif‘fi.
409 3408 488 3462 nolit
506 3410 578 3462 idem
597 3411 712 3479 cyrillus
731 3412 814 3463 refert
824 3411 936 3463 cainum
955 3419 983 3461 et
993 3411 1107 3462 Abelum
1126 3410 1209 3463 fuisse
1228 3410 1340 3476 figuram

256 3478 1341 3622 tz'ffttttttttttit‘irtttztffoittt0t2‘212d:tittsttttitt

256 3632 274 3667 s
292 3617 337 3669 dei
359 3632 505 3691 conspeetu
543 3624 659 3693 refugit,
675 3624 851 3675 verumetiam
868 3622 897 3673 in
917 3620 1050 3674 eiusmodi
1069 3621 1279 3675 exsecrationem
1296 3619 1341 3670 iu·

257 3687 328 3741 sidit
345 3698 377 3743 ut
396 3640 569 3761 vagabunXus
587 3694 616 3745 in
634 3694 712 3745 terris
733 3700 851 3761 gemeret
877 3700 958 3763 utque
976 3700 1120 3759 tremeret,
1138 3693 1177 3743 sie
1196 3691 1275 3742 etium
1293 3692 1341 3741 Iu·

257 3756 335 3809 deice
353 3762 428 3813 ustio
445 3773 557 3833 propter
576 3764 704 3817 insidiam
722 3780 777 3832 qua
794 3763 927 3832 flagravit,
956 3770 983 3813 et
998 3764 1137 3833 profusum
1159 3762 1244 3833 ipsius
1262 3759 1341 3811 Chri-

257 3829 294 3881 sti
312 3832 482 3899 sauguinem,
512 3849 528 3884 e
556 3832 603 3885 dei
631 3842 777 3905 conspectu
808 3834 940 3901 excessit,
968 3834 1076 3905 iamque
1094 3834 1163 3885 sdeo
1181 3840 1298 3885 tremens
1313 3838 1342 3885 et

257 3915 366 3969 gemeus
384 3903 453 3955 obre
471 3912 538 3956 ntur.

328 3970 386 4022 Hoc
405 3920 488 4026 σιοόο
509 3980 603 4025 notem
622 3973 706 4026 Caino
728 3973 796 4026 deus
814 3974 954 4045 apposuit,
978 3990 1014 4025 ne
1031 3973 1066 4025 sb
1084 3973 1178 4043 aliquo
1195 3972 1339 4041 perimere-

256 4045 320 4102 tur,
347 4040 378 4093 id
400 4044 475 4112 quod
498 4044 618 4096 futurum
644 4044 823 4098 existimarat.
850 4046 949 4096 etenim
969 4043 1026 4115 ipse
1046 4043 1151 4095 dixerat
1170 4042 1293 4107 „accidet
1312 4048 1343 4095 ut

279 4110 307 4160 ni
325 4126 369 4161 ms
385 4128 493 4184 cunque
511 4114 643 4183 repererit
661 4114 791 4166 oecidnt.”
810 4114 940 4184 Iosephus
958 4114 1042 4166 tradit
1055 4114 1167 4165 Geinum
1186 4114 1342 4166 obsecrasse

258 4123 350 4246 όειεοτ,
367 4198 403 4236 ue
415 4184 444 4238 iu
461 4184 640 4257 obrsgstiooe
659 4178 791 4238 sus‘iorts
810 4182 839 4239 in
857 4184 963 4241 bellust
985 4183 1138 4254 inciderett
1157 4200 1245 4255 eoque
1261 4188 1341 4256 pecto
