3000 4859
476 330 690 397 uuuuuu
720 335 827 401 etus
859 340 885 399 t.
1132 305 1214 389 213

125 480 288 564 θελῆμασι
303 478 488 565 τῆςοαρκάς
507 480 683 547 άντινιίνττει
704 487 761 548 καί
778 486 848 566 βίον
874 478 1035 567 άγγελικόν
1048 492 1245 569 μιμείσθαιῦ

127 586 310 667 φιλονεικεῖ.
331 574 405 645 ὅσον
426 582 462 645 di
482 578 567 665 βορά
591 580 625 646 τά
649 580 729 666 πρὸς
750 581 849 668 φύσιν
867 584 1052 666 μάχεσθαι,
1073 588 1128 651 καί
1152 582 1217 653 οἷον

125 679 277 745 ἐντεῦθεν
304 677 342 743 τὸ
370 675 527 759 ἔπαθλον,
559 678 576 745 ὃ
602 684 658 763 τῆς
684 681 850 763 Κλίμακος
876 680 1022 767 Ἰωάννης
1042 682 1057 745 ὃ
1080 683 1216 767 ἁγιώτα-

126 800 182 853 τος
201 776 361 862 ἐδήλωσεν
379 774 479 856 οἷίτως
499 779 601 844 alueis
616 778 656 860 „d
676 784 770 860 σῶμα
791 782 920 866 νικησας
941 781 1039 867 φύσιν
1059 785 1215 866 ἐνίκησεν·

97 875 146 947 isi
169 878 204 942 ll
224 878 322 962 φάσιν
343 874 472 961 νικησας
485 877 565 961 ὑπὲρ
588 875 686 965 φάσιν
706 880 845 961 ἐγένετο·
888 879 905 945 ὅ
926 884 961 947 δὲ
982 886 1070 947 τοῦτο
1087 879 1215 965 γενόμε-

124 999 180 1052 νος
200 974 309 1061 βραχά
329 1000 361 1041 τι
381 980 457 1061 παρ’
477 966 626 1059 ἂνγ’έλοος
647 978 834 1061 ἠλάττωται,
852 978 904 1045 ἵνα
922 976 966 1065 μη“
988 985 1067 1063 λέγω
1086 984 1216 1065 peplis?

123 1076 265 1160 πρόσεχε
292 1078 330 1141 di
360 1072 408 1141 ὅτι
435 1078 491 1141 καί
515 1074 644 1163 σφόδρα
676 1081 898 1161 βαροαλγοῦσι
925 1084 981 1145 καί
1013 1074 1172 1163 ἄχθονται.
1186 1080 1215 1147 oi

122 1178 272 1251 θέλοντες
290 1180 350 1257 μὲν
368 1185 559 1263 σωφρονεῖν,
578 1173 701 1260 ἔχοντες
721 1179 758 1241 δὲ
779 1176 814 1241 τὸ
833 1177 1060 1265 ἐπιθυμητικὸν
1081 1179 1215 1262 ἰσχυράν

122 1275 314 1359 νιολονιληθῆ
343 1298 378 1338 τε
410 1271 466 1358 την
483 1272 595 1360 γονήν,
629 1273 710 1357 πρὸς
729 1272 840 1355 ἔξοδον
867 1272 918 1342 aiei
936 1280 1135 1361 ἐπειγομένου
1156 1282 1215 1342 τοῦ

79 1374 329 1455 ιοένοχλοῦντος
356 1374 475 1448 evirate.
528 1376 583 1439 καί
600 1373 646 1457 μη
667 1371 748 1440 κατά
768 1398 798 1439 τι
828 1375 1018 1461 ἀμφίβαλλε.
1060 1379 1091 1442 εἰ
1110 1376 1170 1460 γάρ
1194 1372 1244 1443 io

122 1472 276 1554 Διογένης
288 1474 403 1548 ἐκεῖνος
422 1469 590 1548 diiunxit
612 1472 646 1538 ri
669 1476 725 1557 τῆς
740 1474 865 1558 φάσεως
884 1473 981 1559 βάρος
993 1475 1049 1541 οὐκ
1069 1471 1210 1559 ἐνιγκάν,

121 1571 290 1636 καὶταῦτα
304 1574 450 1637 τοσοῦτον
463 1571 712 1655 α’σκητικοότατος
725 1567 778 1653 aiv,
795 1582 929 1656 γυναῖκα
943 1576 1073 1659 ζητῆσαι
1086 1578 1210 1659 λέγεται
1230 1606 1232 1618 ·

121 1663 205 1735 dora
224 1666 261 1733 τά
282 1673 418 1753 βαρῦνον
442 1671 623 1736 tanatem
654 1677 710 1738 καί
729 1671 766 1738 τά
786 1669 903 1738 ἑαυτοῦ
922 1678 1015 1755 σῶμα
1035 1679 1208 1760 κουφίσαι,

120 1770 161 1832 τί
174 1765 239 1851 χρὴ
257 1771 313 1834 καί
331 1772 432 1852 λέγειν
451 1765 525 1835 ὅσον
544 1768 737 1852 ὖκομίνοοσι
755 1769 894 1854 κάματον
915 1771 946 1837 οἱ
964 1771 1106 1859 σφοδρὸν
1123 1778 1207 1857 μέν,

75 1874 113 1937 ι5
121 1864 169 1944 ὥς
186 1866 326 1952 εἴρηται,
349 1866 499 1951 λαχόντες
519 1867 555 1933 τά
580 1870 822 1954 ἐπιθυμητικόν,
843 1874 877 1937 ἐν
898 1872 1005 1959 άηνείηι
1027 1875 1061 1937 di
1083 1868 1208 1959 φυλάσ-

121 1990 193 2035 σειν
214 1964 348 2045 ἓαοτοάς
366 1968 632 2053 προθυμούμενοι.
673 1972 835 2051 ἐντεῦθεν,
857 1970 1012 2053 οἷγακητέ,
1031 1974 1093 2037 τῶν
1114 1967 1208 2036 ὁσίων

120 2067 225 2147 τινίς,
244 2069 298 2131 ἵνα
316 2063 373 2149 την
397 2064 535 2152 φυσικὴν
555 2069 756 2150 α’νιοσβίσωσι
786 2066 947 2151 κύρωσιν,
968 2068 1023 2132 καί
1039 2069 1153 2151 γυμνοί
1170 2066 1205 2135 τά

120 2170 216 2247 usim
234 2169 332 2246 μέσον
353 2164 480 2230 ὑδάτων
499 2167 739 2251 διημερεύοντες
760 2158 925 2251 ὤφθησαν.
966 2170 1076 2250 μηδείς
1095 2166 1206 2233 λοινιόν

121 2264 178 2329 ε’νιί
195 2268 297 2346 μέσον
316 2269 521 2350 νιροσφερίιω
542 2264 597 2349 την
611 2272 740 2348 γένεσιν,
755 2268 865 2349 μηδείς
880 2268 937 2330 ote
952 2266 1094 2349 ἀγαθοὺς
1115 2268 1205 2333 ‹tart-
1216 2282 1242 2333 Ρ.
1257 2286 1304 2337 ιι3

72 2388 189 2449 αορων
205 2366 454 2449 προφασιζὲσθω
486 2356 741 2449 σχηματιοιιοάς.’
794 2366 934 2451 α’στέρων
962 2365 1099 2449 μὲνγὰρ
1121 2363 1207 2449 κινη-

122 2488 209 2549 σεις,
232 2462 388 2538 α’νατολάς
408 2462 463 2529 καί
482 2466 590 2541 δύσεις
609 2465 717 2530 adesir
724 2514 735 2548 ,
765 2473 831 2541 τοῖς
848 2465 1042 2551 προσήκουσι
1061 2465 1207 2549 γίνεσθαι

121 2732 174 2783 tati
190 2738 275 2799 atque
295 2729 415 2782 motibus
432 2730 589 2785 adversatur
606 2730 730 2802 quisquis
751 2732 833 2783 vitam
850 2748 929 2801 agere
947 2737 1045 2783 castam
1064 2730 1206 2801 instituit),

120 2816 259 2871 quamque
276 2800 344 2853 adeo
362 2818 440 2869 grave
460 2804 497 2855 sit
514 2818 663 2872 repugnare
683 2812 796 2855 naturae
809 2803 889 2865 selle,
910 2803 952 2853 eui
973 2802 1117 2871 respondet
1138 2802 1204 2871 ipsi-

121 2889 152 2923 us
172 2874 254 2924 etiam
271 2873 382 2941 praemii
401 2872 575 2941 magnitudo,
591 2883 698 2925 sanctus
717 2874 765 2925 ille
789 2874 830 2925 vir
846 2872 980 2924 lohannes
1005 2882 1097 2924 auctor
1114 2872 1205 2924 aculae

121 2942 196 2995 hisee
214 2941 305 2996 verbis
323 2942 444 2995 declarat
461 2944 529 3013 „qui
548 2960 646 3013 corpus
663 2944 746 3006 vicit,
772 2952 893 2995 naturam
915 2944 996 3007 vicit3
1015 2942 1062 3011 qui
1081 2950 1204 2993 naturam

119 3014 201 3075 vicis,
219 3030 301 3083 supra
319 3020 442 3065 naturam
465 3021 550 3066 semet
571 3015 685 3077 eatulit3
709 3013 761 3065 hoc
779 3014 826 3082 qui
844 3022 1002 3065 consecutus
1021 3019 1076 3074 eet,
1094 3014 1205 3082 paulum

118 3084 225 3152 augelis
243 3090 286 3135 est
311 3082 437 3147 interior,
464 3102 498 3137 ne
523 3082 593 3136 nihil
611 3084 697 3135 abiis
724 3084 831 3135 differre
856 3082 966 3135 dicam?
993 3083 1117 3135 nimirum
1136 3084 1204 3135 scito

118 3154 244 3223 gravibus
264 3170 309 3206 eos
326 3154 457 3206 molestiis
481 3155 567 3223 premi
593 3156 640 3225 qui
667 3156 734 3206 casti
755 3169 813 3207 esse
831 3152 1000 3217 desiderant,
1020 3170 1080 3203 cum
1099 3154 1205 3223 appeti-

119 3234 178 3277 tum
196 3226 226 3277 in
243 3241 273 3276 se
292 3225 389 3276 sortem
407 3227 581 3295 experiamur
597 3232 626 3277 et
642 3227 780 3293 geniturae
791 3240 911 3291 maguam
931 3223 1045 3292 copiam,
1064 3240 1134 3292 quae
1155 3241 1205 3277 ne·

118 3296 188 3364 getii
212 3295 359 3365 plurimum
392 3296 431 3347 eia
456 3296 564 3347 iaceesit
581 3312 612 3347 ae
640 3311 779 3363 nunquam
797 3310 868 3356 uon,
898 3302 929 3345 ut
945 3295 1101 3357 emittatur,
1120 3303 1205 3362 urget.

118 3365 192 3417 nihil
208 3365 244 3417 de
268 3364 322 3417 hoc
354 3365 553 3434 ambigendum.
579 3366 682 3435 quippe
710 3365 734 3417 si
760 3364 896 3433 Diogenes
925 3364 974 3416 ille
993 3363 1125 3431 Cynicus,
1143 3382 1205 3417 cum

118 3452 189 3488 onus
208 3436 280 3489 illud
299 3443 413 3489 naturae
432 3438 560 3506 nequiret
575 3436 691 3505 amplius
707 3436 797 3497 ferre,
818 3434 897 3487 homo
918 3434 1055 3504 perpetuis
1072 3442 1100 3487 et
1119 3436 1206 3487 maxi-

116 3507 170 3557 mis
195 3506 437 3560 exercitationibus
466 3508 502 3558 ad
529 3506 722 3559 abstinentiam
746 3504 967 3569 condoceiaetus,
993 3506 1133 3558 mulierem
1152 3506 1204 3555 aii.

116 3576 234 3646 quande
259 3577 397 3645 quaesisse
424 3578 601 3647 perhibetur,
625 3592 754 3647 quorem
775 3576 913 3627 molestam
932 3576 986 3627 eibi
1007 3574 1158 3647 deponeret
1176 3585 1206 3629 et

116 3662 216 3720 eorpus
234 3662 317 3699 onere
342 3648 419 3700 velut
445 3665 555 3701 excusso
573 3648 692 3708 levaret,
722 3654 851 3716 quantum
871 3647 934 3699 illos
953 3648 1086 3699 sustinere
1104 3645 1203 3698 laboris

115 3725 200 3787 atque
216 3718 402 3770 molestiarum
428 3716 636 3771 existimandum
665 3725 724 3780 est,
748 3719 778 3767 iu
797 3717 896 3785 quibus
914 3735 927 3767 a
944 3726 1040 3769 natura
1059 3714 1204 3769 vehemens

117 3797 163 3840 eet
179 3789 318 3857 appetitur
328 3788 455 3858 impetus,
479 3807 537 3841 erim
551 3788 728 3841 nihilominus
740 3804 846 3839 aervare
863 3788 966 3857 seipsos
992 3788 1020 3839 iu
1035 3787 1203 3839 continentia

114 3858 220 3910 velint?
239 3866 323 3927 atque
334 3858 404 3910 hane
421 3860 456 3912 ob
473 3877 589 3921 mutam,
603 3858 704 3910 dilecte
724 3858 773 3917 fili,
790 3858 901 3927 quidam
918 3858 967 3909 viri
985 3858 1105 3926 religiosi
1121 3856 1204 3909 nudis

114 3929 278 3998 corporibus
299 3938 371 3981 totoe
386 3929 446 3981 dies
464 3930 494 3981 in
505 3930 609 3981 mediae
626 3945 711 3997 aquae
730 3937 817 3981 semet
832 3926 962 3981 abiecisse
980 3928 1130 3989 traduntur,
1147 3944 1202 3997 quo

114 3998 357 4051 inflammationem
374 4010 403 4052 et
419 4009 523 4053 aestum
538 3999 618 4053 illum
643 4000 795 4051 naturalem
814 3999 1019 4068 restinguerent.
1041 4000 1133 4067 itaque
1153 4014 1204 4047 ue-

114 4085 163 4122 rno
179 4070 295 4139 posthac
312 4070 482 4123 nativitatem
500 4088 577 4123 suam
592 4072 623 4123 in
639 4070 760 4121 medium
777 4070 905 4139 proferat,
922 4084 1001 4119 nemo
1019 4068 1202 4137 inauspicatos

114 4138 235 4192 siderum
253 4140 360 4210 positus
386 4148 414 4192 et
439 4143 511 4195 inter
537 4157 568 4193 se
593 4140 820 4193 conformationes
844 4147 990 4191 caueretur.
1016 4156 1076 4191 nam
1094 4138 1203 4205 sapiens

113 4208 168 4264 ille
185 4210 343 4265 moderator
359 4211 543 4265 universorum
560 4210 699 4282 praeclaro
720 4209 834 4264 coneilio
853 4208 988 4273 instituit,
1002 4218 1037 4272 Aut
1054 4208 1110 4263 suis
1132 4216 1203 4259 teru-
