3000 4859
503 351 716 416 tunsurus
746 354 915 417 rsusrv.
1148 320 1233 409 533

233 500 358 581 Κρατεί
376 489 432 563 osis
461 499 543 578 pressi
566 498 619 565 τόν
635 496 789 582 Ῥαγγαβὲ
810 500 828 563 d
848 500 1028 583 Ἀρμένιος,
1048 495 1102 584 ἰτη
1126 498 1151 581 ζ’
1171 504 1262 585 μνῆ-Β

152 619 210 673 νοις
231 597 263 661 ι’.
315 596 370 663 καί
395 602 566 681 τηνικαῦτα
599 598 635 663 τό
664 605 753 682 γένος
785 604 972 687 φιλονεικῶν
1000 602 1150 684 έκτρίιμαι
1175 603 1235 667 τοῦ

153 699 292 781 Μιχαὴλ
304 746 314 778 ,
346 696 386 763 τά
415 694 585 781 sartorius
605 700 664 763 τοῦ
683 696 799 775 παιδός
823 698 927 763 edred
950 695 1068 782 μόρια,
1090 690 1115 787 ᾦ
1134 692 1237 782 ὄνομα

153 796 311 880 Νιιὴτας,
337 800 493 878 ἐκτέμνει,
527 796 572 881 μή
592 820 665 863 ποτε
680 796 836 873 τεκνώσας
852 793 1014 883 α’μόνηται
1037 794 1147 863 αἰτόν.
1189 801 1238 874 εἰς

125 888 272 979 ἰάνίρας
299 887 357 960 osis
387 893 404 960 ό
434 904 508 975 παῖς
538 890 628 973 νότος
655 896 803 981 ἔρχεται,
831 897 887 961 καί
915 900 974 981 τῆς
997 901 1071 973 νέας
1100 898 1238 983 ταυτησί

147 989 269 1079 Ῥώμης
290 993 458 1077 άρχιερεός
477 998 676 1080 χρηματίζει,
696 995 903 1080 μετακληθεὶς
921 994 1066 1077 Ἰγνάτιος
1085 999 1119 1062 ἰν
1137 1020 1237 1076 μετα..

151 1096 240 1157 θέσει
264 1096 348 1175 βίαια
402 1092 419 1159 ό
444 1096 480 1161 δέ
499 1096 595 1163 Λέων
615 1095 696 1159 κατὰ
714 1099 778 1161 τῶν
800 1093 898 1176 άγίων
915 1093 1044 1161 εἰκόνων
1063 1091 1234 1173 όπλίζεται.

149 1192 171 1279 ἦ
193 1196 229 1258 δὲ
246 1194 333 1259 αἰτία
351 1196 493 1279 τοιαύτη.
536 1192 779 1281 όπροορατικός
805 1197 921 1271 ἐκεῖνος
939 1197 1068 1281 τελευτᾷ
1085 1193 1235 1278 μοναχός.

150 1294 334 1377 διαδέχεται
354 1292 388 1359 τό
409 1300 530 1359 κελλιόν
559 1294 662 1359 αότοῦ
681 1292 823 1377 μοναχός
843 1286 954 1375 ἄλλος,
966 1292 1144 1377 Σαββάτιος
1160 1290 1237 1360 ποό-

103 1410 252 1475 εονομα,
272 1390 307 1469 ὃς
326 1394 383 1457 καί
400 1398 503 1457 πείθει
527 1394 720 1460 τόνΛέοντα
741 1396 776 1459 ἐκ
796 1398 896 1474 μέσον
918 1400 1047 1479 ποιῆσαι
1067 1394 1124 1471 τός
1143 1394 1265 1479 ἁγίαςς

151 1493 279 1568 εἰκόνας.
341 1492 359 1557 d
385 1491 447 1575 γάρ
474 1498 569 1559 Λέων
598 1498 655 1577 τῆς
684 1496 850 1573 βασιλείας
879 1492 992 1575 ἐπιβάς
1025 1498 1081 1558 καί
1099 1498 1156 1577 τῆς
1178 1500 1235 1561 τοῦ

149 1595 294 1675 μοναχοῦ
313 1590 514 1678 προρρήσεως
538 1594 741 1676 ἐπιμνησθείς
770 1597 889 1659 στέλλει
911 1591 996 1677 τάχα
1016 1592 1097 1678 πρός
1115 1592 1237 1661 ἐκεῖνόν

148 1714 238 1767 τινας
258 1694 410 1773 εἰμοιβάς·
451 1688 595 1775 εόρεθείς
619 1694 654 1756 δὲ
677 1686 692 1753 ό
719 1689 894 1774 Σαββάτιος
915 1686 1006 1770 οὗτος
1026 1691 1236 1780 καταπλήττει

149 1814 184 1854 τι
206 1789 260 1855 διά
284 1794 426 1876 γραφῆς,
455 1794 512 1856 καί
529 1788 683 1856 ἔκπτωσιν
709 1794 764 1875 τῆς
792 1798 958 1873 βασιλείας
991 1793 1121 1859 α’πειλεῑ
1142 1792 1170 1858 εἰ
1188 1792 1233 1879 μό

102 1890 209 1965 ι5τάς
227 1889 349 1965 εἰκόνας
369 1885 471 1965 αότός
489 1894 745 1973 κατασιρίψειεν.
793 1894 939 1958 ἐντεῦθεν
956 1892 976 1976 ἦ
997 1896 1053 1978 τῆς
1072 1896 1236 1970 εἰκονομα-

148 1988 223 2071 χίας
243 1986 383 2072 πορκοῖά
412 1992 458 2077 τῷ
487 1994 618 2073 βασιλεῖ
645 1992 763 2055 Λέοντι
790 1990 1019 2056 όπανάπτεται.
1061 1994 1235 2075 τηνικαῦτα

149 2087 243 2152 καίό
270 2092 305 2153 ἐν
334 2091 549 2173 πατριάρχαις
575 2089 719 2169 αόίόιμος
749 2089 935 2176 Νικηφόρος
963 2089 1008 2175 μὴ
1029 2090 1172 2166 πεισθείς
1194 2094 1236 2177 τῇ

150 2191 353 2275 εἰκονομαχιζι
386 2193 562 2253 συνθέσθαι
599 2187 758 2271 ἐξόριστος
785 2192 832 2265 εἰς
851 2186 1073 2273 Προικόνησον
1092 2192 1233 2272 γίνεται,

150 2286 206 2353 καί
223 2286 285 2370 πρὸ
305 2289 423 2353 πολλοῦ
451 2290 544 2352 τοῦτο
565 2286 673 2368 sidric,
693 2286 750 2353 καί
774 2283 821 2353 ότι
840 2284 970 2372 ταράξει
988 2287 1045 2372 τόν
1066 2286 1266 2371 έκκλησίανι)

101 2384 168 2454 aod
188 2391 300 2453 Λέων·
357 2385 443 2465 ἔδοξε
472 2385 532 2471 γάρ
555 2390 599 2474 τῷ
619 2386 801 2475 μακαρίτῃ,
826 2382 1012 2472 imperitasti
1035 2384 1174 2471 διάδημα
1192 2390 1234 2475 τῇ

149 2490 210 2550 τοῦ
237 2488 375 2563 Λέοντος
414 2490 514 2570 έπὲθη
542 2491 684 2575 κεφαλῇ,
722 2482 878 2562 α’κόνθαις
905 2486 961 2551 καί
990 2486 1148 2571 τριβόλοις
1174 2483 1234 2570 τήν

146 2592 242 2667 χεῖρα
264 2590 485 2671 τιεριπαρῆναι.
528 2576 620 2661 οὗτος
639 2580 696 2651 σόν
726 2582 921 2673 όμακάριος
942 2585 996 2654 dui
1019 2584 1093 2673 νηός
1111 2585 1158 2661 εἰς
1176 2582 1233 2669 τὴν

219 2880 276 2933 iios
294 2880 374 2932 modo
395 2888 458 2951 post
488 2881 639 2951 Rangsbem
659 2883 800 2934 Armenius
820 2880 865 2933 hie
883 2889 987 2950 septem
1005 2896 1090 2933 annos
1108 2879 1232 3001 qotnppe

148 2966 254 3004 menses
272 2967 360 3003 rerum
388 2952 489 3023 potitus
506 2960 556 3005 est.
573 2962 637 3005 ante
653 2954 743 3003 omnia
763 2951 885 3003 studiose
908 2950 986 3003 dedit
1005 2966 1113 3021 operam
1131 2958 1162 3001 ut
1208 2951 1234 2999 i-

148 3022 236 3073 ciraeii
253 3036 336 3091 genus
366 3022 542 3073 exscinderet.
561 3032 725 3105 quapropter
747 3022 876 3089 genitalia
894 3022 944 3072 iiiii
962 3022 1035 3083 eius,
1053 3022 1102 3090 qui
1119 3019 1233 3072 Nicetae

148 3110 247 3145 nomen
264 3092 391 3156 habebat,
411 3095 539 3157 resecuit,
557 3110 592 3145 ue
611 3098 680 3145 torte
699 3094 845 3162 procreatis
862 3091 1010 3161 aliquando
1027 3090 1122 3142 liberis
1139 3089 1232 3140 vindi-

149 3172 218 3215 ctam
238 3163 271 3214 de
288 3164 378 3214 Leone
397 3172 522 3215 sumeret.
544 3166 565 3215 is
583 3180 651 3234 puer
669 3162 716 3215 ubi
732 3164 837 3215 virilem
863 3161 899 3213 sd
916 3170 1033 3215 aetatem
1054 3162 1233 3230 pervenisset,

148 3234 222 3285 urbis
234 3232 314 3285 huius
333 3234 424 3285 Novas
445 3236 542 3286 Ronme
560 3235 682 3304 pontifex
700 3242 806 3285 creatus
826 3242 877 3296 cst,
895 3250 956 3283 cnm
975 3234 1033 3303 ipsa
1050 3234 1121 3283 vitae
1140 3240 1231 3283 ronta·

147 3306 223 3357 tione
241 3304 346 3357 diverso
366 3306 446 3356 etium
464 3322 478 3355 a
497 3306 579 3375 priori
596 3306 706 3357 nominc
724 3304 842 3357 adscito:
861 3320 921 3355 nam
935 3319 984 3372 pro
1002 3302 1096 3353 diceto
1110 3303 1231 3369 ignotius

147 3376 301 3445 appellatus
326 3385 375 3429 est.
394 3374 539 3427 secundum
556 3376 623 3427 haec
640 3376 693 3427 Leo
717 3392 746 3427 se
774 3384 867 3427 contra
888 3390 976 3425 sacras
997 3373 1125 3441 imagines
1145 3381 1235 3425 armat

147 3444 302 3497 huiusmodi
321 3462 401 3496 causa
416 3447 553 3515 impulsus.
582 3454 688 3499 mortun
706 3445 839 3497 monacho
856 3446 904 3515 qni
928 3444 1019 3495 futura
1036 3443 1230 3513 prospiciebat,

148 3518 178 3567 in
197 3518 255 3568 eius
274 3517 343 3568 celia
371 3516 481 3585 quidam
499 3517 568 3567 alius
593 3516 740 3569 monachus
758 3517 903 3579 successit,
946 3515 974 3567 ui
991 3512 1136 3565 sabbatius
1153 3513 1231 3565 dice-

146 3584 235 3639 batur.
254 3587 276 3638 ir
295 3586 379 3637 Leoni
400 3587 533 3655 persuasit
550 3595 581 3639 ut
598 3602 686 3639 sacras
702 3588 831 3655 imagines
847 3604 863 3637 e
879 3532 969 3638 medio
990 3584 1107 3637 tolieret.
1125 3584 1230 3653 qnippe

146 3656 202 3709 Leo
221 3666 381 3709 consecutus
398 3658 556 3727 imperium,
575 3656 622 3709 ubi
645 3656 858 3727 praedictionem
879 3657 955 3708 iliius
972 3654 1099 3708 Monacid
1116 3654 1152 3706 ad
1168 3655 1229 3705 ani.

144 3744 218 3780 mum
239 3736 408 3789 revocasset,
436 3728 570 3797 quaedam
592 3726 628 3779 nd
648 3728 724 3779 iiium
752 3744 862 3779 munera
880 3726 955 3778 misit
972 3725 1127 3778 declarandi
1145 3723 1230 3776 animi

146 3800 215 3867 grati
232 3814 321 3849 consa.
347 3814 408 3849 cum
429 3808 519 3849 autern
546 3800 631 3868 ipsius
657 3800 717 3850 loco
738 3798 885 3851 sabbatius
905 3798 1031 3849 inventus
1058 3804 1143 3857 esset,
1165 3810 1230 3863 per.

145 3870 251 3938 scriptis
268 3868 317 3921 ilie
333 3868 431 3921 litteris
450 3870 604 3938 imperaturi
623 3876 754 3921 terrorem
780 3870 870 3921 iniicit
888 3876 918 3921 et
933 3868 1105 3919 amissionem
1122 3864 1229 3932 imperii

144 3940 280 4003 minatur,
300 3941 329 3991 ni
343 3956 430 3992 sacras
446 3940 573 4007 imagines
593 3949 733 3993 everteret.
753 3940 818 3992 hinc
833 3941 882 3991 iiia
901 3939 1106 3991 simulacrorum
1128 3933 1229 3987 excidii

144 4010 252 4063 damma
269 4011 298 4063 in
317 4010 406 4061 Leone
424 4027 535 4062 accensa
554 4020 603 4063 est.
619 4008 715 4063 eodem
732 4020 853 4081 tempore
870 4010 1033 4062 clarissimos
1050 4008 1099 4061 iiie
1113 4006 1231 4075 patriar-

144 4080 196 4131 cha
222 4080 409 4149 Nicephorus,
435 4100 494 4132 cum
523 4080 624 4132 adduci
648 4100 703 4133 non
727 4091 820 4153 posset
837 4089 869 4133 ut
888 4081 1032 4148 imaginum
1049 4076 1232 4146 oppugnatio·

144 4168 207 4203 nem
225 4152 371 4221 probaret.
403 4153 489 4203 coium
507 4160 612 4204 vertere
631 4152 718 4204 iussus
736 4161 778 4205 est
797 4170 829 4205 nc
844 4152 875 4203 in
889 4152 1083 4204 Proconnesius
1101 4143 1230 4215 deporta·

144 4230 203 4285 tus,
223 4238 282 4273 cum
300 4220 409 4293 quidem
428 4222 457 4275 id
476 4232 633 4276 eventurum
651 4223 704 4275 sibi
723 4225 810 4277 inuito
828 4231 892 4275 ante
910 4220 1095 4291 cognovisset,
1112 4234 1145 4269 ac
1158 4216 1231 4269 Leo·
