3000 4859
280 260 338 361 to
619 280 840 351 nicaenus
869 281 1034 351 oureus

279 438 463 525 Ξενοφάνης
482 434 537 505 τόν
557 431 647 523 η’λιον
665 438 722 503 κατ’
739 434 799 523 τήν
819 438 952 523 σελήιην
970 438 1181 521 πεπυρωμένα
1196 432 1378 524 νέφη-ἔφη·

278 562 334 605 σον
353 534 455 621 εἶναι,
482 529 571 603 ἄλλοι
595 538 631 601 δὲ
653 534 780 620 μόδρον
800 526 822 621 ἢ
840 538 954 619 πέτρον
975 533 1132 619 διάπυρον
1154 532 1261 620 ἔλεγον
1282 530 1375 601 εἶναι.

281 634 441 713 Φιλόλαος
475 639 512 705 δὲ
531 632 659 720 όλοειδή
678 638 787 701 τοῦτον
815 632 1027 722 ἐφιλοσόφει,
1048 634 1221 731 δεχόμενον,
1239 635 1299 718 μὲν
1318 638 1378 701 τοῦ1

278 741 315 803 ἐν
329 738 371 825 argi
388 736 493 824 κόσμῳ
521 734 623 818 πυρός
638 732 694 819 τήν
712 735 915 818 ἀνταύγειαν,
930 738 1104 821 διηθοῦντα
1123 735 1161 799 δὲ
1179 731 1259 819 πρός
1276 732 1374 820 ήμιῖς.

279 842 336 903 καί
352 840 454 903 ταῦτα
467 837 528 917 μὲν
539 834 570 900 οἱ
582 836 688 921 ,σοφοὶ
697 832 738 900 τό
752 836 874 917 μόταια
889 838 965 917 περό
975 839 1031 919 τῆς
1043 835 1105 901 τόν
1120 833 1263 919 «tarmus
1277 832 1408 921 tupi-5

278 961 378 1021 νηοαν
399 932 543 1020 φόσεοις·
586 932 643 999 τόν
662 931 724 1019 γόρ
745 932 879 1020 ποιητήν
895 928 1003 1000 aium
1022 933 1207 1019 ἠγνοηκότες
1228 932 1306 999 θεόν
1324 935 1376 998 αι’-

281 1040 353 1103 τίαν
374 1032 519 1121 ἔμφρονα
539 1036 596 1119 τῆς
616 1038 680 1102 τοῖν
701 1030 783 1104 όλινν
801 1037 951 1118 γενέσεως
967 1032 1157 1120 προεσιόναι
1171 1026 1210 1097 οὗ
1231 1032 1375 1116 euregni-

278 1158 391 1219 ρησαν.
443 1132 537 1201 ἔνθεν
557 1158 606 1201 τοι
626 1134 683 1199 καί
702 1132 950 1217 αἰτοιιλαιόμενος
971 1132 1090 1211 αότοός
1111 1132 1128 1198 ό
1149 1134 1251 1216 μέγας
1269 1133 1375 1200 Βασό·
1488 1155 1489 1158 ’

279 1240 360 1313 λειος
381 1238 614 1319 κατακριθῆναι
635 1234 719 1315 λέγει
741 1234 909 1299 nat-utem
930 1238 993 1299 τῶν
1010 1228 1114 1299 όλλιον
1135 1234 1170 1297 ἐν
1190 1232 1293 1322 ἡμέρη
1316 1235 1375 1319 τῆς
1488 1303 1489 1310 ¹

201 1332 431 1416 Rarxpr‘oeaoc,
463 1330 511 1398 ότι
542 1328 641 1408 uitae
665 1331 722 1411 όξό
745 1331 824 1418 πρός
843 1330 884 1397 τό
903 1334 1026 1415 μόταια
1045 1336 1232 1417 βλέποντες,
1251 1324 1426 1409 &adnecto

278 1430 357 1518 πρός
375 1432 431 1519 τήν
452 1433 605 1499 σόνθεσιν
626 1436 682 1516 τῆς
699 1434 853 1518 α’ληθιιας
874 1432 1162 1519 όπετοφλοόθησαν.

353 1528 433 1597 Ὅσα
454 1534 489 1597 δὲ
516 1530 574 1597 καί
601 1532 677 1615 nepe*
703 1534 859 1615 μεγέθους
880 1526 1121 1618 ἐφιλοσόφησαν
1144 1531 1261 1597 τοῦτο
1280 1528 1373 1616 ήλόοιι

275 1634 333 1697 καὶ
352 1636 408 1715 τῆς
428 1630 577 1717 σελήνης,
609 1632 644 1697 τό
658 1628 722 1715 χρή
745 1633 803 1697 καί
817 1634 935 1715 λόγτινς
957 1632 1204 1733 Ἀναξᾴιανδρος
1228 1632 1289 1714 μὲν
1308 1630 1372 1717 γόρ

274 1732 330 1795 κατ’
347 1732 550 1817 Ἀναξιμένης
563 1728 954 1797 ὲπταιιαιεικοσιπλασιλινα
967 1734 1021 1814 τῆς
1035 1732 1093 1814 γής
1107 1727 1161 1795 τόν
1181 1726 1272 1816 ἥλιον
1293 1728 1373 1817 ἔφη·

275 1856 337 1897 σαν
356 1826 461 1913 εἶναι,
481 1832 695 1915 Ἀναξαγόρας
716 1833 754 1895 δὲ
773 1829 1022 1914 Πελοποννήσου
1043 1834 1187 1910 μείζονα.
1228 1834 1285 1895 κατ’
1303 1834 1421 1899 ira-15

275 1954 325 2011 poc
348 1930 444 1995 πάλιν
464 1933 611 1995 ποδιαῖον
635 1928 691 1995 τόν
711 1933 856 1995 τοιοῦτον
878 1930 1062 2016 ἐφρόνησαν
1081 1925 1180 2013 ήλιον.
1223 1930 1264 1994 τό
1285 1930 1371 1995 adad

275 2032 311 2094 δὲ
332 2032 387 2099 κατ’
407 2030 481 2113 περὶ
500 2030 632 2115 σελήνης
653 2029 818 2109 διεξιόντες
838 2026 1049 2115 εόριλιιιονται.
1091 2026 1122 2093 οἱ
1141 2034 1202 2110 μὲν
1217 2026 1278 2117 γόρ
1299 2028 1371 2112 μοι’-

244 2132 350 2209 ιιζονα
373 2132 428 2217 τῆς
448 2134 523 2215 γής,
561 2130 592 2195 οἱ
622 2132 657 2195 δὲ
683 2132 779 2195 πόλιν
799 2126 984 2214 ἷσόμιτρον,
1012 2124 1105 2196 ἄλλοι
1130 2133 1166 2197 δὲ
1186 2131 1368 2197 ε’λόσσονα·

276 2233 332 2293 κατ’
348 2234 448 2313 ἓτερον
465 2228 679 2312 σπιθαμιαιαν
700 2222 782 2293 εἶναι
802 2228 861 2313 τήν
880 2228 1014 2314 σελήνην
1033 2233 1292 2316 διισχυριζονται,
1314 2234 1372 2297 κατ’

274 2328 331 2393 οὔκ
356 2328 565 2412 αἰσχύνονται
586 2333 642 2413 τῆς
662 2331 722 2411 μὲν
741 2329 904 2417 θαλόττης
922 2327 957 2396 τό
970 2328 1074 2412 edam
1093 2332 1296 2414 α’γνοοῦντες,
1316 2326 1418 2397 ta-aa

273 2432 319 2493 θα
340 2427 396 2494 aaut*
423 2427 541 2539 όρμιόν
569 2434 717 2499 καθεῖναι
741 2428 909 2513 δύνανται,
939 2429 976 2495 τό
996 2431 1033 2496 dl
1053 2427 1115 2495 ἀπό
1139 2432 1196 2516 γής
1215 2422 1295 2517 όχρι
1315 2452 1368 2497 σε·

346 2614 386 2651 ιι.
406 2574 545 2653 uirtute?
619 2596 863 2670 παραθεῖναὶ).

272 2762 317 2805 tae
342 2752 370 2803 in
400 2766 502 2805 morem
527 2756 684 2820 compactae
714 2766 748 2802 ex
773 2750 874 2804 osculis
901 2753 1067 2822 quibusdam
1093 2754 1212 2808 flammae
1232 2762 1367 2810 evomam

272 2820 455 2891 Xenophanes
471 2836 537 2874 vero
562 2822 648 2873 aoiem
670 2838 702 2873 ac
719 2820 813 2875 lunam
839 2837 899 2875 ease
915 2823 1003 2877 nubea
1021 2826 1119 2893 ignitas
1137 2826 1224 2889 dixit,
1238 2827 1300 2879 aliia
1316 2844 1368 2879 vo-

272 2892 396 2947 lentibus
425 2906 484 2945 esse
505 2890 617 2960 globum
638 2890 756 2947 ferreum
781 2892 943 2947 candentem
960 2896 1007 2947 vel
1025 2914 1118 2949 saxum
1136 2895 1275 2967 quoddam
1295 2898 1369 2967 igni·

273 2972 339 3019 tum.
374 2960 511 3017 Philolaus
529 2960 615 3015 solem
632 2962 806 3017 existimabat
823 2980 883 3019 cese
894 2966 965 3019 vitro
979 2969 1163 3031 consimilem,
1181 2968 1256 3038 quod
1275 2970 1370 3038 apien-

273 3033 368 3085 dorem
387 3033 456 3101 ignis
473 3032 606 3088 mundani
625 3030 660 3087 ad
680 3050 709 3087 se
729 3032 852 3089 delatum
869 3038 986 3108 recipiat
1002 3048 1031 3091 et
1046 3040 1126 3111 quasi
1145 3039 1313 3109 percolatum
1331 3040 1369 3093 ad

271 3122 322 3159 nos
341 3104 513 3159 transmittat
550 3102 604 3157 hae
631 3105 786 3176 sapientum
811 3106 1199 3181 illorum,vanaeproiecto,
1217 3107 1369 3163 denatura

272 3173 392 3229 siderum
410 3175 565 3230 sententiae
589 3176 710 3231 suerunt.
733 3194 798 3231 uam
815 3196 877 3233 eum
894 3189 1035 3233 auctorem
1051 3182 1172 3251 ipsomm
1190 3178 1270 3231 deum
1288 3182 1368 3250 igno-

272 3254 377 3307 rarent,
392 3246 505 3299 minime
526 3248 717 3302 concedebant
734 3266 843 3305 caueam
865 3251 1003 3321 quandam
1023 3252 1137 3305 rationis
1157 3258 1184 3303 et
1201 3250 1369 3321 prudentiae

270 3316 432 3386 participem
457 3318 530 3373 ortui
561 3335 652 3372 rerum
677 3334 736 3373 ease
761 3320 979 3392 praeficiendam.
1011 3338 1065 3391 qno
1085 3322 1117 3374 fit
1135 3329 1167 3375 ut
1184 3322 1299 3379 Basilina
1316 3324 1368 3378 ille

269 3402 382 3455 mamus
402 3403 449 3441 ena
467 3386 613 3459 deplorans
630 3390 753 3445 futurum
769 3401 802 3446 nt
817 3410 862 3447 ma
880 3394 903 3445 la
919 3395 949 3446 iu
969 3392 1014 3446 dia
1034 3390 1132 3445 indicii
1149 3389 1368 3468 condemnentur

271 3474 355 3527 quam
372 3456 421 3511 aiii
442 3456 524 3523 dicat,
543 3459 619 3530 quad
639 3468 695 3513 tam
714 3470 823 3517 acutum
841 3410 956 3517 altana
973 3472 1115 3517 cernentes
1133 3472 1232 3537 sponte
1250 3483 1298 3519 sna
1317 3482 1367 3521 ve·

268 3529 359 3584 citatis
378 3528 409 3583 in
421 3530 646 3600 pervestigatione
664 3535 868 3587 caecutiuerint.

340 3600 396 3651 iam
413 3616 478 3652 vera
506 3618 588 3671 quom
614 3602 700 3656 multa
728 3602 814 3657 iidem
842 3604 877 3655 de
905 3600 1095 3672 magnitudine
1125 3610 1181 3655 tam
1199 3606 1366 3677 relinquam

268 3669 352 3725 lunae
371 3672 544 3725 commentati
563 3674 627 3739 sint,
646 3672 714 3744 quid
733 3677 834 3727 attinet
849 3674 1080 3727 commemorare?
1115 3673 1317 3731 Anaximander
1337 3688 1368 3732 et

267 3740 448 3795 Anaximenes
476 3743 562 3794 solem
586 3752 656 3795 terra
681 3743 765 3797 vicies
791 3762 821 3796 ac
840 3745 942 3813 septies
970 3745 1101 3799 maiorem
1129 3764 1188 3800 esse
1216 3749 1366 3815 dixerunt,

268 3810 440 3881 Anaxagoras
460 3814 590 3865 maiorem
607 3815 797 3884 Peloponeeo:
827 3816 876 3867 alii
895 3833 955 3867 cum
976 3815 1055 3886 pedis
1073 3818 1154 3871 unius
1172 3818 1227 3889 ipsi
1244 3820 1367 3889 longitu-

269 3878 362 3935 dinem
382 3884 533 3949 haberent,
548 3893 654 3937 tantum
674 3887 758 3941 etlam
777 3884 862 3939 solem
882 3902 941 3939 esse
961 3888 1115 3941 volracmnt.
1134 3889 1228 3941 eadem
1248 3891 1284 3945 de
1300 3890 1367 3944 luna

269 3966 381 4025 quoque
404 3953 507 4008 tradita
534 3954 715 4027 reperiuntur.
735 3956 848 4009 suerunt
876 3958 948 4009 enim
973 3960 1103 4012 nonnulli
1128 3963 1175 4030 qui
1206 3978 1264 4013 enm
1292 3970 1367 4015 terra

268 4022 399 4075 maiorem
416 4024 546 4090 iacerent,
564 4044 623 4077 cnm
637 4025 685 4079 alii
719 4044 792 4081 arem
811 4029 953 4099 utriusque
973 4030 1188 4101 magnitudinem
1203 4040 1366 4097 statuerent,

269 4092 316 4145 atti
336 4101 406 4147 terra
426 4096 574 4159 minorem,
594 4097 642 4150 alii
663 4046 813 4166 palmarem
833 4100 921 4152 solum
941 4117 1000 4154 csse
1021 4100 1221 4155 confirmarent.
1238 4104 1366 4174 adeoque

269 4178 326 4219 nou
347 4165 462 4221 teritum
491 4174 532 4221 est
560 4184 607 4219 eoa
631 4168 848 4241 profunditatem
874 4172 955 4227 muris
986 4173 1157 4246 ignorantes,
1183 4190 1255 4247 quae
1274 4183 1365 4231 tanum
