<?xml version="1.0" encoding="UTF-8"?>
<!DOCTYPE html PUBLIC "-//W3C//DTD XHTML 1.0 Transitional//EN"
    "http://www.w3.org/TR/xhtml1/DTD/xhtml1-transitional.dtd">
<html xmlns="http://www.w3.org/1999/xhtml" xml:lang="en" lang="en">
 <head>
  <title>
</title>
<meta http-equiv="Content-Type" content="text/html;charset=utf-8" />
  <meta name='ocr-system' content='tesseract 3.04.00' />
  <meta name='ocr-capabilities' content='ocr_page ocr_carea ocr_par ocr_line ocrx_word'/>
</head>
<body>
  <div class='ocr_page' id='page_1' title='image "./michaelisglycae02glycgoog/michaelisglycae02glycgoog_0325.png"; bbox 0 0 3000 4859; ppageno 0'>
   <div class='ocr_carea' id='block_1_1' title="bbox 506 262 1241 385">
    <p class='ocr_par' dir='ltr' id='par_1_1' title="bbox 506 262 1241 385">
     <span class='ocr_line' id='line_1_1' title="bbox 506 262 1241 385; baseline 0 -8"><span class='ocrx_word' id='word_1_1' title='bbox 506 262 852 385; x_wconf 72' lang='lat' dir='ltr'><strong>maluerimus</strong></span> <span class='ocrx_word' id='word_1_2' title='bbox 881 320 922 381; x_wconf 90' lang='lat' dir='ltr'><strong>u.</strong></span> <span class='ocrx_word' id='word_1_3' title='bbox 1158 290 1241 377; x_wconf 80' lang='lat'><strong>283</strong></span> 
     </span>
    </p>
   </div>
   <div class='ocr_carea' id='block_1_2' title="bbox 109 456 1335 2534">
    <p class='ocr_par' dir='ltr' id='par_1_2' title="bbox 109 456 1335 2534">
     <span class='ocr_line' id='line_1_2' title="bbox 155 456 1244 551; baseline 0.004 -24"><span class='ocrx_word' id='word_1_4' title='bbox 155 457 320 545; x_wconf 70' lang='grc' dir='ltr'><strong><em>Ἰσραηλό</em></strong></span> <span class='ocrx_word' id='word_1_5' title='bbox 342 458 417 536; x_wconf 80' lang='grc' dir='ltr'><strong><em>θεὸς</em></strong></span> <span class='ocrx_word' id='word_1_6' title='bbox 439 457 496 545; x_wconf 73' lang='grc' dir='ltr'><strong><em>τὴν</em></strong></span> <span class='ocrx_word' id='word_1_7' title='bbox 521 462 640 546; x_wconf 74' lang='grc' dir='ltr'><strong><em>ῥάβδον</em></strong></span> <span class='ocrx_word' id='word_1_8' title='bbox 665 465 713 540; x_wconf 79' lang='grc' dir='ltr'><strong><em>εἰς</em></strong></span> <span class='ocrx_word' id='word_1_9' title='bbox 732 456 809 551; x_wconf 80' lang='grc' dir='ltr'><strong><em>ὅφιν</em></strong></span> <span class='ocrx_word' id='word_1_10' title='bbox 826 466 1037 551; x_wconf 77' lang='grc' dir='ltr'><strong><em>μεταβάλλει,</em></strong></span> <span class='ocrx_word' id='word_1_11' title='bbox 1057 467 1112 531; x_wconf 66' lang='lat' dir='ltr'><strong>dni</strong></span> <span class='ocrx_word' id='word_1_12' title='bbox 1130 466 1167 532; x_wconf 82' lang='grc' dir='ltr'><strong>δδ</strong></span> <span class='ocrx_word' id='word_1_13' title='bbox 1186 470 1244 533; x_wconf 75' lang='grc' dir='ltr'><strong><em>τοῦ</em></strong></span> 
     </span>
     <span class='ocr_line' id='line_1_3' title="bbox 157 557 1243 651; baseline 0.003 -25"><span class='ocrx_word' id='word_1_14' title='bbox 157 559 281 645; x_wconf 79' lang='grc' dir='ltr'><strong><em>Φαραώ</em></strong></span> <span class='ocrx_word' id='word_1_15' title='bbox 303 558 349 633; x_wconf 79' lang='grc' dir='ltr'><strong><em>εἰς</em></strong></span> <span class='ocrx_word' id='word_1_16' title='bbox 365 557 538 642; x_wconf 76' lang='grc' dir='ltr'><strong><em>δράκοντα,</em></strong></span> <span class='ocrx_word' id='word_1_17' title='bbox 555 563 606 627; x_wconf 75' lang='grc' dir='ltr'><strong>ἵνα</strong></span> <span class='ocrx_word' id='word_1_18' title='bbox 626 566 670 649; x_wconf 78' lang='grc' dir='ltr'><strong><em>τῷ</em></strong></span> <span class='ocrx_word' id='word_1_19' title='bbox 688 567 817 647; x_wconf 76' lang='grc' dir='ltr'><strong>μεγέθει</strong></span> <span class='ocrx_word' id='word_1_20' title='bbox 837 565 1018 651; x_wconf 75' lang='grc' dir='ltr'><strong><em>καταπλήξῃ</em></strong></span> <span class='ocrx_word' id='word_1_21' title='bbox 1037 561 1164 639; x_wconf 68' lang='lat' dir='ltr'><strong>oriende.</strong></span> <span class='ocrx_word' id='word_1_22' title='bbox 1184 567 1243 649; x_wconf 72' lang='grc' dir='ltr'><strong>δῆ·</strong></span> 
     </span>
     <span class='ocr_line' id='line_1_4' title="bbox 154 650 1242 747; baseline 0.004 -24"><span class='ocrx_word' id='word_1_23' title='bbox 154 663 209 723; x_wconf 88' lang='grc' dir='ltr'><strong>λον</strong></span> <span class='ocrx_word' id='word_1_24' title='bbox 244 659 282 723; x_wconf 74' lang='grc' dir='ltr'><strong>δὲ</strong></span> <span class='ocrx_word' id='word_1_25' title='bbox 313 650 363 723; x_wconf 82' lang='grc' dir='ltr'><strong><em>ὅτι</em></strong></span> <span class='ocrx_word' id='word_1_26' title='bbox 397 654 516 741; x_wconf 71' lang='grc' dir='ltr'><strong><em>ἀληθὲς</em></strong></span> <span class='ocrx_word' id='word_1_27' title='bbox 534 663 625 725; x_wconf 74' lang='grc' dir='ltr'><strong><em>τοῦτο</em></strong></span> <span class='ocrx_word' id='word_1_28' title='bbox 645 660 679 725; x_wconf 88' lang='grc' dir='ltr'><strong><em>τό</em></strong></span> <span class='ocrx_word' id='word_1_29' title='bbox 701 669 832 747; x_wconf 81' lang='grc' dir='ltr'><strong><em>σημεῖον</em></strong></span> <span class='ocrx_word' id='word_1_30' title='bbox 859 655 916 745; x_wconf 79' lang='grc' dir='ltr'><strong>ἧν,</strong></span> <span class='ocrx_word' id='word_1_31' title='bbox 935 660 971 727; x_wconf 86' lang='grc' dir='ltr'><strong><em>τό</em></strong></span> <span class='ocrx_word' id='word_1_32' title='bbox 996 664 1033 728; x_wconf 76' lang='lat' dir='ltr'><strong>tl</strong></span> <span class='ocrx_word' id='word_1_33' title='bbox 1049 666 1113 728; x_wconf 80' lang='grc' dir='ltr'><strong><em>ταῖν</em></strong></span> <span class='ocrx_word' id='word_1_34' title='bbox 1130 661 1242 747; x_wconf 83' lang='grc' dir='ltr'><strong><em>μόγων</em></strong></span> 
     </span>
     <span class='ocr_line' id='line_1_5' title="bbox 155 753 1240 847; baseline 0.006 -26"><span class='ocrx_word' id='word_1_35' title='bbox 155 758 332 843; x_wconf 73' lang='lat' dir='ltr'><strong>pannosis·</strong></span> <span class='ocrx_word' id='word_1_36' title='bbox 374 753 425 820; x_wconf 84' lang='grc' dir='ltr'><strong>διό</strong></span> <span class='ocrx_word' id='word_1_37' title='bbox 445 754 501 821; x_wconf 82' lang='grc' dir='ltr'><strong>καί</strong></span> <span class='ocrx_word' id='word_1_38' title='bbox 517 756 673 844; x_wconf 77' lang='grc' dir='ltr'><strong><em>κατεπόθη</em></strong></span> <span class='ocrx_word' id='word_1_39' title='bbox 692 759 756 823; x_wconf 77' lang='lat' dir='ltr'><strong>duri</strong></span> <span class='ocrx_word' id='word_1_40' title='bbox 780 764 838 844; x_wconf 78' lang='grc' dir='ltr'><strong><em>τῆς</em></strong></span> <span class='ocrx_word' id='word_1_41' title='bbox 852 760 1006 846; x_wconf 82' lang='grc' dir='ltr'><strong><em>α’ληθείας</em></strong></span> <span class='ocrx_word' id='word_1_42' title='bbox 1027 762 1047 844; x_wconf 76' lang='grc' dir='ltr'><em>ἦ</em></span> <span class='ocrx_word' id='word_1_43' title='bbox 1069 764 1240 847; x_wconf 82' lang='grc' dir='ltr'><strong><em>φαντασία.</em></strong></span> 
     </span>
     <span class='ocr_line' id='line_1_6' title="bbox 130 853 1241 944; baseline 0.004 -23"><span class='ocrx_word' id='word_1_44' title='bbox 130 858 223 929; x_wconf 85' lang='grc' dir='ltr'><strong><em>5α’λλ’</em></strong></span> <span class='ocrx_word' id='word_1_45' title='bbox 247 859 307 920; x_wconf 71' lang='lat' dir='ltr'><strong>nale</strong></span> <span class='ocrx_word' id='word_1_46' title='bbox 326 857 472 921; x_wconf 78' lang='grc' dir='ltr'><strong><em>ἐντεῦθεν</em></strong></span> <span class='ocrx_word' id='word_1_47' title='bbox 496 853 515 921; x_wconf 79' lang='grc' dir='ltr'><strong><em>ό</em></strong></span> <span class='ocrx_word' id='word_1_48' title='bbox 537 856 659 943; x_wconf 70' lang='grc' dir='ltr'><strong><em>Φαραώ</em></strong></span> <span class='ocrx_word' id='word_1_49' title='bbox 688 862 850 942; x_wconf 83' lang='grc' dir='ltr'><strong><em>πείθεται,</em></strong></span> <span class='ocrx_word' id='word_1_50' title='bbox 871 865 1020 941; x_wconf 86' lang='grc' dir='ltr'><strong><em>μαίνεται</em></strong></span> <span class='ocrx_word' id='word_1_51' title='bbox 1043 862 1241 944; x_wconf 72' lang='grc' dir='ltr'><strong><em>δὲμᾶλλον,</em></strong></span> 
     </span>
     <span class='ocr_line' id='line_1_7' title="bbox 154 955 1269 1042; baseline 0.003 -20"><span class='ocrx_word' id='word_1_52' title='bbox 154 960 210 1023; x_wconf 81' lang='grc' dir='ltr'><strong>καί</strong></span> <span class='ocrx_word' id='word_1_53' title='bbox 230 962 296 1032; x_wconf 77' lang='grc' dir='ltr'><strong><em>τοῖς</em></strong></span> <span class='ocrx_word' id='word_1_54' title='bbox 316 955 485 1031; x_wconf 72' lang='grc' dir='ltr'><strong><em>Ἰουδαίοις</em></strong></span> <span class='ocrx_word' id='word_1_55' title='bbox 515 958 570 1021; x_wconf 74' lang='grc' dir='ltr'><strong><em>ἐντί</em></strong></span> <span class='ocrx_word' id='word_1_56' title='bbox 588 958 682 1021; x_wconf 79' lang='grc' dir='ltr'><strong><em>πλέον</em></strong></span> <span class='ocrx_word' id='word_1_57' title='bbox 700 958 888 1024; x_wconf 75' lang='grc' dir='ltr'><strong><em>ἐπιτίθεται.</em></strong></span> <span class='ocrx_word' id='word_1_58' title='bbox 929 956 1013 1024; x_wconf 81' lang='grc' dir='ltr'><strong><em>δθεν-</em></strong></span> <span class='ocrx_word' id='word_1_59' title='bbox 1024 962 1081 1026; x_wconf 81' lang='grc' dir='ltr'><strong>καί</strong></span> <span class='ocrx_word' id='word_1_60' title='bbox 1094 963 1269 1042; x_wconf 58' lang='lat' dir='ltr'><strong>sceorstan</strong></span> 
     </span>
     <span class='ocr_line' id='line_1_8' title="bbox 153 1050 1243 1141; baseline 0.001 -16"><span class='ocrx_word' id='word_1_61' title='bbox 153 1055 253 1125; x_wconf 82' lang='grc' dir='ltr'><strong><em>αδτόν</em></strong></span> <span class='ocrx_word' id='word_1_62' title='bbox 274 1054 291 1119; x_wconf 84' lang='grc' dir='ltr'><strong><em>ό</em></strong></span> <span class='ocrx_word' id='word_1_63' title='bbox 313 1050 397 1130; x_wconf 87' lang='grc' dir='ltr'><strong><em>θεός.</em></strong></span> <span class='ocrx_word' id='word_1_64' title='bbox 438 1062 508 1129; x_wconf 78' lang='grc' dir='ltr'><strong><em>ταῖς</em></strong></span> <span class='ocrx_word' id='word_1_65' title='bbox 527 1056 766 1139; x_wconf 82' lang='grc' dir='ltr'><strong><em>ἑαενεχθείσαις</em></strong></span> <span class='ocrx_word' id='word_1_66' title='bbox 785 1058 822 1122; x_wconf 80' lang='lat' dir='ltr'><strong>dl</strong></span> <span class='ocrx_word' id='word_1_67' title='bbox 840 1064 912 1124; x_wconf 83' lang='grc' dir='ltr'><strong><em>κατ’</em></strong></span> <span class='ocrx_word' id='word_1_68' title='bbox 930 1061 1032 1125; x_wconf 79' lang='grc' dir='ltr'><strong><em>αδτοδ</em></strong></span> <span class='ocrx_word' id='word_1_69' title='bbox 1039 1055 1167 1141; x_wconf 78' lang='grc' dir='ltr'><strong><em>μάστιξι</em></strong></span> <span class='ocrx_word' id='word_1_70' title='bbox 1186 1063 1243 1126; x_wconf 78' lang='grc' dir='ltr'><strong>καί</strong></span> 
     </span>
     <span class='ocr_line' id='line_1_9' title="bbox 151 1154 1239 1243; baseline 0 -21"><span class='ocrx_word' id='word_1_71' title='bbox 151 1154 303 1239; x_wconf 84' lang='grc' dir='ltr'><strong><em>τοιαότην</em></strong></span> <span class='ocrx_word' id='word_1_72' title='bbox 319 1157 404 1236; x_wconf 80' lang='grc' dir='ltr'><strong><em>λέγει</em></strong></span> <span class='ocrx_word' id='word_1_73' title='bbox 424 1162 588 1239; x_wconf 80' lang='grc' dir='ltr'><strong><em>προσεῖναι</em></strong></span> <span class='ocrx_word' id='word_1_74' title='bbox 610 1154 767 1238; x_wconf 83' lang='grc' dir='ltr'><strong><em>μα’στιγα·</em></strong></span> <span class='ocrx_word' id='word_1_75' title='bbox 808 1160 953 1242; x_wconf 76' lang='grc' dir='ltr'><strong><em>φθειρῶν</em></strong></span> <span class='ocrx_word' id='word_1_76' title='bbox 969 1155 1032 1243; x_wconf 82' lang='grc' dir='ltr'><strong>γόρ</strong></span> <span class='ocrx_word' id='word_1_77' title='bbox 1051 1166 1119 1234; x_wconf 82' lang='grc' dir='ltr'><strong><em>τοῖς</em></strong></span> <span class='ocrx_word' id='word_1_78' title='bbox 1137 1159 1239 1243; x_wconf 74' lang='grc' dir='ltr'><strong><em>Αἶγα·</em></strong></span> 
     </span>
     <span class='ocr_line' id='line_1_10' title="bbox 152 1244 1240 1338; baseline 0.004 -19"><span class='ocrx_word' id='word_1_79' title='bbox 152 1254 254 1329; x_wconf 74' lang='grc' dir='ltr'><strong><em>νοτίοις</em></strong></span> <span class='ocrx_word' id='word_1_80' title='bbox 281 1249 451 1337; x_wconf 66' lang='grc' dir='ltr'><strong><em>ἐξήνθησεν</em></strong></span> <span class='ocrx_word' id='word_1_81' title='bbox 477 1244 609 1335; x_wconf 77' lang='grc' dir='ltr'><strong><em>όντειρόν</em></strong></span> <span class='ocrx_word' id='word_1_82' title='bbox 630 1277 662 1318; x_wconf 92' lang='grc' dir='ltr'><strong><em>τι</em></strong></span> <span class='ocrx_word' id='word_1_83' title='bbox 692 1256 813 1337; x_wconf 76' lang='grc' dir='ltr'><strong><em>πλῆθος</em></strong></span> <span class='ocrx_word' id='word_1_84' title='bbox 833 1253 963 1321; x_wconf 83' lang='grc' dir='ltr'><strong><em>ἔνδοθεν</em></strong></span> <span class='ocrx_word' id='word_1_85' title='bbox 984 1256 1240 1338; x_wconf 70' lang='grc' dir='ltr'><strong><em>ἀναδιδομένων,</em></strong></span> 
     </span>
     <span class='ocr_line' id='line_1_11' title="bbox 111 1344 1240 1443; baseline 0 -24"><span class='ocrx_word' id='word_1_86' title='bbox 111 1353 208 1441; x_wconf 72' lang='grc' dir='ltr'><strong><em>ιοόφ*</em></strong></span> <span class='ocrx_word' id='word_1_87' title='bbox 228 1344 274 1419; x_wconf 70' lang='grc' dir='ltr'><strong>οἷν</strong></span> <span class='ocrx_word' id='word_1_88' title='bbox 294 1354 409 1419; x_wconf 65' lang='grc' dir='ltr'><strong><em>ἐκεῖνον</em></strong></span> <span class='ocrx_word' id='word_1_89' title='bbox 426 1356 528 1427; x_wconf 69' lang='grc' dir='ltr'><strong><em>κακῶς</em></strong></span> <span class='ocrx_word' id='word_1_90' title='bbox 549 1351 727 1434; x_wconf 68' lang='lat' dir='ltr'><strong>tauram,</strong></span> <span class='ocrx_word' id='word_1_91' title='bbox 757 1352 836 1438; x_wconf 73' lang='grc' dir='ltr'><strong><em>μήτε</em></strong></span> <span class='ocrx_word' id='word_1_92' title='bbox 856 1361 997 1439; x_wconf 78' lang='grc' dir='ltr'><strong><em>λουτροῖς</em></strong></span> <span class='ocrx_word' id='word_1_93' title='bbox 1015 1356 1096 1443; x_wconf 66' lang='grc' dir='ltr'><strong><em>μήτε</em></strong></span> <span class='ocrx_word' id='word_1_94' title='bbox 1113 1360 1240 1439; x_wconf 85' lang='grc' dir='ltr'><strong><em>χρίσεσι</em></strong></span> 
     </span>
     <span class='ocr_line' id='line_1_12' title="bbox 151 1450 1239 1539; baseline 0.002 -20"><span class='ocrx_word' id='word_1_95' title='bbox 151 1454 329 1539; x_wconf 76' lang='grc' dir='ltr'><strong><em>φαρμάκων</em></strong></span> <span class='ocrx_word' id='word_1_96' title='bbox 349 1454 539 1539; x_wconf 79' lang='grc' dir='ltr'><strong><em>διαφθεῖραι</em></strong></span> <span class='ocrx_word' id='word_1_97' title='bbox 560 1450 593 1518; x_wconf 82' lang='grc' dir='ltr'><strong><em>τό</em></strong></span> <span class='ocrx_word' id='word_1_98' title='bbox 618 1457 705 1535; x_wconf 81' lang='grc' dir='ltr'><strong><em>γένος</em></strong></span> <span class='ocrx_word' id='word_1_99' title='bbox 732 1456 840 1519; x_wconf 69' lang='lat' dir='ltr'><strong>adesir</strong></span> <span class='ocrx_word' id='word_1_100' title='bbox 860 1456 1039 1537; x_wconf 81' lang='grc' dir='ltr'><strong><em>δυνάμενοι.</em></strong></span> <span class='ocrx_word' id='word_1_101' title='bbox 1079 1453 1136 1521; x_wconf 75' lang='grc' dir='ltr'><strong>καί</strong></span> <span class='ocrx_word' id='word_1_102' title='bbox 1158 1450 1239 1521; x_wconf 75' lang='grc' dir='ltr'><strong><em>οὕτω</em></strong></span> 
     </span>
     <span class='ocr_line' id='line_1_13' title="bbox 150 1547 1267 1637; baseline -0.002 -16"><span class='ocrx_word' id='word_1_103' title='bbox 150 1556 212 1635; x_wconf 79' lang='grc' dir='ltr'><strong>μὲν</strong></span> <span class='ocrx_word' id='word_1_104' title='bbox 231 1550 249 1619; x_wconf 90' lang='lat' dir='ltr'><strong>o‘</strong></span> <span class='ocrx_word' id='word_1_105' title='bbox 266 1547 437 1637; x_wconf 73' lang='grc' dir='ltr'><strong><em>Ἰώσηπος.</em></strong></span> <span class='ocrx_word' id='word_1_106' title='bbox 1260 1595 1267 1619; x_wconf 71' lang='grc' dir='ltr'><strong><em>ι</em></strong></span> 
     </span>
     <span class='ocr_line' id='line_1_14' title="bbox 232 1649 1237 1742; baseline -0.004 -21"><span class='ocrx_word' id='word_1_107' title='bbox 232 1649 282 1721; x_wconf 77' lang='lat' dir='ltr'><strong>Al</strong></span> <span class='ocrx_word' id='word_1_108' title='bbox 301 1652 420 1737; x_wconf 83' lang='grc' dir='ltr'><strong><em>πληγαί</em></strong></span> <span class='ocrx_word' id='word_1_109' title='bbox 441 1654 494 1734; x_wconf 81' lang='grc' dir='ltr'><strong>δέ,</strong></span> <span class='ocrx_word' id='word_1_110' title='bbox 514 1652 673 1739; x_wconf 68' lang='lat' dir='ltr'><strong>dynami,</strong></span> <span class='ocrx_word' id='word_1_111' title='bbox 695 1650 735 1729; x_wconf 71' lang='grc' dir='ltr'><strong>ὃς</strong></span> <span class='ocrx_word' id='word_1_112' title='bbox 755 1652 772 1716; x_wconf 91' lang='grc' dir='ltr'><strong><em>δ</em></strong></span> <span class='ocrx_word' id='word_1_113' title='bbox 793 1652 867 1731; x_wconf 85' lang='grc' dir='ltr'><strong><em>θεὸς</em></strong></span> <span class='ocrx_word' id='word_1_114' title='bbox 884 1654 1033 1741; x_wconf 75' lang='grc' dir='ltr'><strong><em>διιὴνεγκι</em></strong></span> <span class='ocrx_word' id='word_1_115' title='bbox 1052 1657 1095 1742; x_wconf 74' lang='grc' dir='ltr'><strong><em>τῷ</em></strong></span> <span class='ocrx_word' id='word_1_116' title='bbox 1114 1654 1237 1737; x_wconf 77' lang='grc' dir='ltr'><strong><em>Φαραώ</em></strong></span> 
     </span>
     <span class='ocr_line' id='line_1_15' title="bbox 150 1748 1240 1840; baseline 0.002 -23"><span class='ocrx_word' id='word_1_117' title='bbox 150 1752 195 1840; x_wconf 72' lang='grc' dir='ltr'><strong>μη</strong></span> <span class='ocrx_word' id='word_1_118' title='bbox 222 1754 399 1839; x_wconf 72' lang='grc' dir='ltr'><strong><em>πειθομένῳ</em></strong></span> <span class='ocrx_word' id='word_1_119' title='bbox 432 1750 486 1818; x_wconf 86' lang='grc' dir='ltr'><strong><em>τόν</em></strong></span> <span class='ocrx_word' id='word_1_120' title='bbox 510 1750 587 1818; x_wconf 87' lang='grc' dir='ltr'><strong><em>λαόν</em></strong></span> <span class='ocrx_word' id='word_1_121' title='bbox 618 1753 795 1834; x_wconf 75' lang='grc' dir='ltr'><strong><em>ἀπολῦσαι,</em></strong></span> <span class='ocrx_word' id='word_1_122' title='bbox 826 1755 902 1820; x_wconf 81' lang='grc' dir='ltr'><strong><em>δέκα</em></strong></span> <span class='ocrx_word' id='word_1_123' title='bbox 922 1753 976 1822; x_wconf 87' lang='grc' dir='ltr'><strong><em>τόν</em></strong></span> <span class='ocrx_word' id='word_1_124' title='bbox 996 1752 1139 1839; x_wconf 74' lang='grc' dir='ltr'><strong><em>ἀριθμόν</em></strong></span> <span class='ocrx_word' id='word_1_125' title='bbox 1156 1748 1240 1819; x_wconf 73' lang='grc' dir='ltr'><strong><em>κατὰ</em></strong></span> 
     </span>
     <span class='ocr_line' id='line_1_16' title="bbox 111 1848 1270 1940; baseline 0.002 -25"><span class='ocrx_word' id='word_1_126' title='bbox 111 1851 185 1919; x_wconf 77' lang='lat' dir='ltr'><strong>tisri</strong></span> <span class='ocrx_word' id='word_1_127' title='bbox 206 1855 242 1919; x_wconf 79' lang='grc' dir='ltr'><strong>ἐκ</strong></span> <span class='ocrx_word' id='word_1_128' title='bbox 264 1848 363 1940; x_wconf 58' lang='lat' dir='ltr'><strong>hilp</strong></span> <span class='ocrx_word' id='word_1_129' title='bbox 390 1854 607 1936; x_wconf 79' lang='grc' dir='ltr'><strong><em>γεγραμμένον</em></strong></span> <span class='ocrx_word' id='word_1_130' title='bbox 634 1852 713 1919; x_wconf 81' lang='grc' dir='ltr'><strong><em>εἰσί·</em></strong></span> <span class='ocrx_word' id='word_1_131' title='bbox 761 1855 838 1917; x_wconf 79' lang='grc' dir='ltr'><strong><em>δέκα</em></strong></span> <span class='ocrx_word' id='word_1_132' title='bbox 855 1853 913 1919; x_wconf 81' lang='grc' dir='ltr'><strong>καί</strong></span> <span class='ocrx_word' id='word_1_133' title='bbox 930 1854 993 1938; x_wconf 81' lang='grc' dir='ltr'><strong><em>γιὶρ</em></strong></span> <span class='ocrx_word' id='word_1_134' title='bbox 1015 1851 1139 1934; x_wconf 80' lang='grc' dir='ltr'><strong><em>κολόζει</em></strong></span> <span class='ocrx_word' id='word_1_135' title='bbox 1156 1859 1270 1939; x_wconf 71' lang='lat' dir='ltr'><strong>alp-1)</strong></span> 
     </span>
     <span class='ocr_line' id='line_1_17' title="bbox 150 1948 1239 2037; baseline 0.005 -20"><span class='ocrx_word' id='word_1_136' title='bbox 150 1960 221 2037; x_wconf 77' lang='grc' dir='ltr'><strong><em>γοδς</em></strong></span> <span class='ocrx_word' id='word_1_137' title='bbox 240 1948 294 2016; x_wconf 83' lang='grc' dir='ltr'><strong>διό</strong></span> <span class='ocrx_word' id='word_1_138' title='bbox 305 1972 340 2035; x_wconf 81' lang='grc' dir='ltr'><strong><em>γε</em></strong></span> <span class='ocrx_word' id='word_1_139' title='bbox 360 1950 414 2017; x_wconf 85' lang='grc' dir='ltr'><strong><em>τόν</em></strong></span> <span class='ocrx_word' id='word_1_140' title='bbox 432 1953 550 2017; x_wconf 83' lang='grc' dir='ltr'><strong><em>τέλειον</em></strong></span> <span class='ocrx_word' id='word_1_141' title='bbox 572 1952 711 2035; x_wconf 84' lang='grc' dir='ltr'><strong><em>α’ριθμόν</em></strong></span> <span class='ocrx_word' id='word_1_142' title='bbox 725 1952 802 2028; x_wconf 72' lang='lat' dir='ltr'><strong>roric</strong></span> <span class='ocrx_word' id='word_1_143' title='bbox 821 1952 1043 2037; x_wconf 65' lang='lat' dir='ltr'><strong>»introspectae</strong></span> <span class='ocrx_word' id='word_1_144' title='bbox 1061 1951 1101 2019; x_wconf 82' lang='lat' dir='ltr'><strong>sci</strong></span> <span class='ocrx_word' id='word_1_145' title='bbox 1120 1957 1239 2022; x_wconf 78' lang='grc' dir='ltr'><strong><em>τέλεια.</em></strong></span> 
     </span>
     <span class='ocr_line' id='line_1_18' title="bbox 151 2046 1329 2139; baseline 0.003 -23"><span class='ocrx_word' id='word_1_146' title='bbox 151 2050 207 2117; x_wconf 77' lang='grc' dir='ltr'><strong>καί</strong></span> <span class='ocrx_word' id='word_1_147' title='bbox 226 2048 333 2135; x_wconf 76' lang='grc' dir='ltr'><strong><em>πρώτη</em></strong></span> <span class='ocrx_word' id='word_1_148' title='bbox 353 2053 413 2133; x_wconf 75' lang='grc' dir='ltr'><strong>μὲν</strong></span> <span class='ocrx_word' id='word_1_149' title='bbox 433 2050 453 2137; x_wconf 82' lang='grc' dir='ltr'><strong><em>ἡ</em></strong></span> <span class='ocrx_word' id='word_1_150' title='bbox 476 2054 541 2116; x_wconf 70' lang='grc' dir='ltr'><strong><em>τοῖν</em></strong></span> <span class='ocrx_word' id='word_1_151' title='bbox 557 2053 608 2117; x_wconf 70' lang='grc' dir='ltr'><strong>’δν</strong></span> <span class='ocrx_word' id='word_1_152' title='bbox 626 2046 782 2139; x_wconf 81' lang='grc' dir='ltr'><strong><em>Αἰγόιιτιρ</em></strong></span> <span class='ocrx_word' id='word_1_153' title='bbox 803 2052 926 2118; x_wconf 77' lang='grc' dir='ltr'><strong><em>πάντων</em></strong></span> <span class='ocrx_word' id='word_1_154' title='bbox 944 2049 1069 2117; x_wconf 66' lang='lat' dir='ltr'><strong>tahar</strong></span> <span class='ocrx_word' id='word_1_155' title='bbox 1088 2052 1134 2127; x_wconf 77' lang='grc' dir='ltr'><strong><em>τίς</em></strong></span> <span class='ocrx_word' id='word_1_156' title='bbox 1155 2046 1272 2135; x_wconf 72' lang='grc' dir='ltr'><strong><em>αἷμα-Ρ.</em></strong></span> <span class='ocrx_word' id='word_1_157' title='bbox 1285 2068 1329 2119; x_wconf 83' lang='grc' dir='ltr'><strong>ι5ι</strong></span> 
     </span>
     <span class='ocr_line' id='line_1_19' title="bbox 150 2146 1335 2234; baseline -0.001 -19"><span class='ocrx_word' id='word_1_158' title='bbox 150 2146 322 2234; x_wconf 79' lang='grc' dir='ltr'><strong><em>μεταβολή.</em></strong></span> <span class='ocrx_word' id='word_1_159' title='bbox 362 2147 471 2215; x_wconf 75' lang='grc' dir='ltr'><strong><em>διὰτί</em></strong></span> <span class='ocrx_word' id='word_1_160' title='bbox 497 2152 533 2215; x_wconf 80' lang='grc' dir='ltr'><strong>δὲ</strong></span> <span class='ocrx_word' id='word_1_161' title='bbox 554 2153 610 2215; x_wconf 87' lang='grc' dir='ltr'><strong><em>καί</em></strong></span> <span class='ocrx_word' id='word_1_162' title='bbox 629 2153 713 2226; x_wconf 84' lang='grc' dir='ltr'><strong><em>τίνος</em></strong></span> <span class='ocrx_word' id='word_1_163' title='bbox 733 2154 837 2215; x_wconf 72' lang='grc' dir='ltr'><strong><em>ἕνεκεν</em></strong></span> <span class='ocrx_word' id='word_1_164' title='bbox 855 2151 889 2229; x_wconf 76' lang='grc' dir='ltr'><strong>ἐξ</strong></span> <span class='ocrx_word' id='word_1_165' title='bbox 907 2146 1038 2216; x_wconf 63' lang='lat' dir='ltr'><strong>attam</strong></span> <span class='ocrx_word' id='word_1_166' title='bbox 1057 2148 1175 2226; x_wconf 81' lang='grc' dir='ltr'><strong><em>αδτοός</em></strong></span> <span class='ocrx_word' id='word_1_167' title='bbox 1195 2148 1236 2215; x_wconf 82' lang='grc' dir='ltr'><strong><em>τό</em></strong></span> <span class='ocrx_word' id='word_1_168' title='bbox 1245 2161 1276 2213; x_wconf 77' lang='lat' dir='ltr'><strong>v.</strong></span> <span class='ocrx_word' id='word_1_169' title='bbox 1289 2178 1335 2229; x_wconf 78' lang='grc' dir='ltr'><strong><em>ιτγ</em></strong></span> 
     </span>
     <span class='ocr_line' id='line_1_20' title="bbox 150 2244 1237 2335; baseline 0 -23"><span class='ocrx_word' id='word_1_170' title='bbox 150 2250 260 2332; x_wconf 81' lang='grc' dir='ltr'><strong><em>πρῶτα</em></strong></span> <span class='ocrx_word' id='word_1_171' title='bbox 290 2246 414 2327; x_wconf 79' lang='grc' dir='ltr'><strong><em>κολάζει</em></strong></span> <span class='ocrx_word' id='word_1_172' title='bbox 438 2246 455 2316; x_wconf 87' lang='grc' dir='ltr'><strong><em>ό</em></strong></span> <span class='ocrx_word' id='word_1_173' title='bbox 475 2244 571 2330; x_wconf 74' lang='grc' dir='ltr'><strong><em>θεόςς</em></strong></span> <span class='ocrx_word' id='word_1_174' title='bbox 592 2246 672 2315; x_wconf 86' lang='grc' dir='ltr'><strong><em>διότι</em></strong></span> <span class='ocrx_word' id='word_1_175' title='bbox 701 2248 737 2313; x_wconf 87' lang='grc' dir='ltr'><strong><em>τό</em></strong></span> <span class='ocrx_word' id='word_1_176' title='bbox 756 2245 845 2333; x_wconf 85' lang='grc' dir='ltr'><strong><em>όδωρ</em></strong></span> <span class='ocrx_word' id='word_1_177' title='bbox 865 2246 1081 2335; x_wconf 78' lang='grc' dir='ltr'><strong><em>διαφερόντως</em></strong></span> <span class='ocrx_word' id='word_1_178' title='bbox 1098 2249 1215 2332; x_wconf 72' lang='grc' dir='ltr'><strong><em>διίμων</em></strong></span> <span class='ocrx_word' id='word_1_179' title='bbox 1226 2298 1237 2329; x_wconf 96' lang='grc'><strong><em>,</em></strong></span> 
     </span>
     <span class='ocr_line' id='line_1_21' title="bbox 109 2342 1238 2435; baseline 0.001 -24"><span class='ocrx_word' id='word_1_180' title='bbox 109 2346 257 2435; x_wconf 75' lang='grc' dir='ltr'><strong><em>τοδρχῆν</em></strong></span> <span class='ocrx_word' id='word_1_181' title='bbox 281 2350 372 2415; x_wconf 71' lang='grc' dir='ltr'><strong><em>τοῦτο</em></strong></span> <span class='ocrx_word' id='word_1_182' title='bbox 400 2350 456 2431; x_wconf 75' lang='grc' dir='ltr'><strong><em>τῆς</em></strong></span> <span class='ocrx_word' id='word_1_183' title='bbox 487 2350 550 2414; x_wconf 80' lang='grc' dir='ltr'><strong><em>τεόν</em></strong></span> <span class='ocrx_word' id='word_1_184' title='bbox 571 2342 653 2415; x_wconf 73' lang='grc' dir='ltr'><strong><em>ὅλων</em></strong></span> <span class='ocrx_word' id='word_1_185' title='bbox 680 2349 830 2430; x_wconf 75' lang='grc' dir='ltr'><strong><em>γενέσεως</em></strong></span> <span class='ocrx_word' id='word_1_186' title='bbox 852 2342 936 2414; x_wconf 76' lang='grc' dir='ltr'><strong><em>εἶναι</em></strong></span> <span class='ocrx_word' id='word_1_187' title='bbox 956 2345 1104 2429; x_wconf 83' lang='grc' dir='ltr'><strong><em>οἰόμενοι.</em></strong></span> <span class='ocrx_word' id='word_1_188' title='bbox 1144 2347 1238 2412; x_wconf 75' lang='grc' dir='ltr'><strong><em>ὄνθον</em></strong></span> 
     </span>
     <span class='ocr_line' id='line_1_22' title="bbox 148 2443 1238 2534; baseline 0 -21"><span class='ocrx_word' id='word_1_189' title='bbox 148 2468 197 2513; x_wconf 81' lang='grc' dir='ltr'><strong><em>τοι</em></strong></span> <span class='ocrx_word' id='word_1_190' title='bbox 222 2449 280 2515; x_wconf 83' lang='grc' dir='ltr'><strong>καί</strong></span> <span class='ocrx_word' id='word_1_191' title='bbox 311 2449 421 2513; x_wconf 79' lang='grc' dir='ltr'><strong><em>πολλοί</em></strong></span> <span class='ocrx_word' id='word_1_192' title='bbox 439 2450 609 2531; x_wconf 81' lang='grc' dir='ltr'><strong><em>τηνικαῦτα</em></strong></span> <span class='ocrx_word' id='word_1_193' title='bbox 638 2448 701 2513; x_wconf 79' lang='grc' dir='ltr'><strong><em>ταῖν</em></strong></span> <span class='ocrx_word' id='word_1_194' title='bbox 730 2447 910 2534; x_wconf 71' lang='grc' dir='ltr'><strong><em>ἀνθρώπων</em></strong></span> <span class='ocrx_word' id='word_1_195' title='bbox 937 2443 1143 2534; x_wconf 73' lang='grc' dir='ltr'><strong><em>ἐφθάρησαν·</em></strong></span> <span class='ocrx_word' id='word_1_196' title='bbox 1182 2447 1238 2513; x_wconf 73' lang='grc' dir='ltr'><strong><em>δαί</em></strong></span> 
     </span>
    </p>
   </div>
   <div class='ocr_carea' id='block_1_3' title="bbox 146 2712 1237 4273">
    <p class='ocr_par' dir='ltr' id='par_1_3' title="bbox 147 2712 1237 3635">
     <span class='ocr_line' id='line_1_23' title="bbox 151 2712 1235 2786; baseline -0.003 -18"><span class='ocrx_word' id='word_1_197' title='bbox 151 2714 230 2768; x_wconf 83' lang='lat' dir='ltr'><strong>deum</strong></span> <span class='ocrx_word' id='word_1_198' title='bbox 250 2716 279 2769; x_wconf 86' lang='lat' dir='ltr'><strong>ln</strong></span> <span class='ocrx_word' id='word_1_199' title='bbox 298 2713 365 2767; x_wconf 87' lang='lat' dir='ltr'><strong>rubo</strong></span> <span class='ocrx_word' id='word_1_200' title='bbox 384 2712 494 2785; x_wconf 87' lang='lat' dir='ltr'><strong>quldern</strong></span> <span class='ocrx_word' id='word_1_201' title='bbox 513 2718 686 2783; x_wconf 85' lang='lat' dir='ltr'><strong>conspertum</strong></span> <span class='ocrx_word' id='word_1_202' title='bbox 703 2716 801 2783; x_wconf 75' lang='lat' dir='ltr'><strong>virgam</strong></span> <span class='ocrx_word' id='word_1_203' title='bbox 818 2716 848 2767; x_wconf 90' lang='lat' dir='ltr'><strong>ln</strong></span> <span class='ocrx_word' id='word_1_204' title='bbox 865 2722 1018 2786; x_wconf 87' lang='lat' dir='ltr'><strong>serpentem</strong></span> <span class='ocrx_word' id='word_1_205' title='bbox 1037 2720 1169 2777; x_wconf 86' lang='lat' dir='ltr'><strong>mutasse,</strong></span> <span class='ocrx_word' id='word_1_206' title='bbox 1187 2731 1235 2765; x_wconf 86' lang='lat' dir='ltr'><strong>co·</strong></span> 
     </span>
     <span class='ocr_line' id='line_1_24' title="bbox 150 2784 1235 2855; baseline -0.002 -18"><span class='ocrx_word' id='word_1_207' title='bbox 150 2804 204 2837; x_wconf 86' lang='lat' dir='ltr'><strong>ram</strong></span> <span class='ocrx_word' id='word_1_208' title='bbox 223 2785 362 2839; x_wconf 76' lang='lat' dir='ltr'>Pharaone</span> <span class='ocrx_word' id='word_1_209' title='bbox 380 2802 443 2837; x_wconf 80' lang='lat' dir='ltr'><strong>vero</strong></span> <span class='ocrx_word' id='word_1_210' title='bbox 460 2785 490 2837; x_wconf 88' lang='lat' dir='ltr'><strong>ln</strong></span> <span class='ocrx_word' id='word_1_211' title='bbox 503 2784 655 2849; x_wconf 80' lang='lat' dir='ltr'><strong>draconem,</strong></span> <span class='ocrx_word' id='word_1_212' title='bbox 673 2793 703 2837; x_wconf 87' lang='lat' dir='ltr'><strong>ut</strong></span> <span class='ocrx_word' id='word_1_213' title='bbox 721 2786 779 2855; x_wconf 85' lang='lat' dir='ltr'><strong>ipsa</strong></span> <span class='ocrx_word' id='word_1_214' title='bbox 792 2786 978 2855; x_wconf 79' lang='lat' dir='ltr'><strong>magnitudine</strong></span> <span class='ocrx_word' id='word_1_215' title='bbox 995 2784 1166 2838; x_wconf 79' lang='lat' dir='ltr'><strong>formidinem</strong></span> <span class='ocrx_word' id='word_1_216' title='bbox 1183 2784 1235 2836; x_wconf 90' lang='lat' dir='ltr'><strong>hn-</strong></span> 
     </span>
     <span class='ocr_line' id='line_1_25' title="bbox 149 2855 1236 2927; baseline -0.002 -18"><span class='ocrx_word' id='word_1_217' title='bbox 149 2856 269 2909; x_wconf 78' lang='lat' dir='ltr'>minibus</span> <span class='ocrx_word' id='word_1_218' title='bbox 295 2856 435 2907; x_wconf 77' lang='lat' dir='ltr'><strong>incuteret.</strong></span> <span class='ocrx_word' id='word_1_219' title='bbox 463 2865 505 2907; x_wconf 87' lang='lat' dir='ltr'><strong>est</strong></span> <span class='ocrx_word' id='word_1_220' title='bbox 523 2864 612 2908; x_wconf 87' lang='lat' dir='ltr'><strong>autem</strong></span> <span class='ocrx_word' id='word_1_221' title='bbox 632 2858 804 2926; x_wconf 76' lang='lat' dir='ltr'><strong>perspicuum</strong></span> <span class='ocrx_word' id='word_1_222' title='bbox 827 2855 980 2927; x_wconf 75' lang='lat' dir='ltr'><strong>prodigium</strong></span> <span class='ocrx_word' id='word_1_223' title='bbox 996 2858 1066 2908; x_wconf 84' lang='lat' dir='ltr'><strong>istuc</strong></span> <span class='ocrx_word' id='word_1_224' title='bbox 1083 2872 1177 2925; x_wconf 86' lang='lat' dir='ltr'><strong>reapse</strong></span> <span class='ocrx_word' id='word_1_225' title='bbox 1194 2856 1236 2909; x_wconf 81' lang='lat' dir='ltr'><strong>sa·</strong></span> 
     </span>
     <span class='ocr_line' id='line_1_26' title="bbox 148 2924 1234 2996; baseline -0.001 -17"><span class='ocrx_word' id='word_1_226' title='bbox 148 2936 221 2980; x_wconf 89' lang='lat' dir='ltr'><strong>ctam</strong></span> <span class='ocrx_word' id='word_1_227' title='bbox 241 2944 315 2990; x_wconf 84' lang='lat' dir='ltr'><strong>esse,</strong></span> <span class='ocrx_word' id='word_1_228' title='bbox 333 2944 394 2978; x_wconf 89' lang='lat' dir='ltr'><strong>cum</strong></span> <span class='ocrx_word' id='word_1_229' title='bbox 411 2942 548 2994; x_wconf 75' lang='lat' dir='ltr'><strong>magorum</strong></span> <span class='ocrx_word' id='word_1_230' title='bbox 567 2926 689 2996; x_wconf 83' lang='lat' dir='ltr'><strong>prodigia</strong></span> <span class='ocrx_word' id='word_1_231' title='bbox 703 2928 743 2978; x_wconf 92' lang='lat' dir='ltr'><strong>nil</strong></span> <span class='ocrx_word' id='word_1_232' title='bbox 761 2927 814 2978; x_wconf 86' lang='lat' dir='ltr'><strong>nisi</strong></span> <span class='ocrx_word' id='word_1_233' title='bbox 837 2944 929 2979; x_wconf 85' lang='lat' dir='ltr'><strong>merae</strong></span> <span class='ocrx_word' id='word_1_234' title='bbox 948 2927 1040 2979; x_wconf 78' lang='lat' dir='ltr'><strong>forent</strong></span> <span class='ocrx_word' id='word_1_235' title='bbox 1055 2924 1234 2996; x_wconf 80' lang='lat' dir='ltr'><strong>praestigiae,</strong></span> 
     </span>
     <span class='ocr_line' id='line_1_27' title="bbox 149 2997 1236 3069; baseline 0 -20"><span class='ocrx_word' id='word_1_236' title='bbox 149 3014 219 3069; x_wconf 86' lang='lat' dir='ltr'><strong>qnae</strong></span> <span class='ocrx_word' id='word_1_237' title='bbox 238 2999 335 3049; x_wconf 85' lang='lat' dir='ltr'><strong>oculos</strong></span> <span class='ocrx_word' id='word_1_238' title='bbox 355 2999 589 3067; x_wconf 77' lang='lat' dir='ltr'><strong>praestringerent.</strong></span> <span class='ocrx_word' id='word_1_239' title='bbox 613 2998 710 3049; x_wconf 83' lang='lat' dir='ltr'><strong>iccirco</strong></span> <span class='ocrx_word' id='word_1_240' title='bbox 736 2997 893 3065; x_wconf 82' lang='lat' dir='ltr'><strong>imaginaria</strong></span> <span class='ocrx_word' id='word_1_241' title='bbox 916 2997 1017 3049; x_wconf 80' lang='lat' dir='ltr'><strong>isdrsec</strong></span> <span class='ocrx_word' id='word_1_242' title='bbox 1034 2998 1138 3067; x_wconf 86' lang='lat' dir='ltr'><strong>species</strong></span> <span class='ocrx_word' id='word_1_243' title='bbox 1155 3015 1172 3047; x_wconf 89' lang='lat' dir='ltr'><strong>n</strong></span> <span class='ocrx_word' id='word_1_244' title='bbox 1188 3014 1236 3050; x_wconf 86' lang='lat' dir='ltr'><strong>ve-</strong></span> 
     </span>
     <span class='ocr_line' id='line_1_28' title="bbox 150 3066 1235 3138; baseline -0.001 -18"><span class='ocrx_word' id='word_1_245' title='bbox 150 3071 228 3121; x_wconf 86' lang='lat' dir='ltr'><strong>ritate</strong></span> <span class='ocrx_word' id='word_1_246' title='bbox 246 3070 276 3120; x_wconf 92' lang='lat' dir='ltr'><strong>in</strong></span> <span class='ocrx_word' id='word_1_247' title='bbox 295 3068 410 3119; x_wconf 88' lang='lat' dir='ltr'><strong>nihilum</strong></span> <span class='ocrx_word' id='word_1_248' title='bbox 428 3068 608 3135; x_wconf 76' lang='lat' dir='ltr'><strong>redigebatur.</strong></span> <span class='ocrx_word' id='word_1_249' title='bbox 636 3084 725 3138; x_wconf 86' lang='lat' dir='ltr'><strong>neque</strong></span> <span class='ocrx_word' id='word_1_250' title='bbox 743 3076 835 3120; x_wconf 84' lang='lat' dir='ltr'><strong>tamen</strong></span> <span class='ocrx_word' id='word_1_251' title='bbox 853 3066 906 3119; x_wconf 87' lang='lat' dir='ltr'><strong>hoc</strong></span> <span class='ocrx_word' id='word_1_252' title='bbox 921 3066 1003 3120; x_wconf 88' lang='lat' dir='ltr'><strong>modo</strong></span> <span class='ocrx_word' id='word_1_253' title='bbox 1019 3084 1114 3136; x_wconf 83' lang='lat' dir='ltr'><strong>parere</strong></span> <span class='ocrx_word' id='word_1_254' title='bbox 1130 3068 1235 3121; x_wconf 84' lang='lat' dir='ltr'><strong>Pharao</strong></span> 
     </span>
     <span class='ocr_line' id='line_1_29' title="bbox 148 3137 1235 3208; baseline 0 -19"><span class='ocrx_word' id='word_1_255' title='bbox 148 3140 256 3203; x_wconf 84' lang='lat' dir='ltr'><strong>valuit,</strong></span> <span class='ocrx_word' id='word_1_256' title='bbox 284 3138 332 3190; x_wconf 87' lang='lat' dir='ltr'><strong>sed</strong></span> <span class='ocrx_word' id='word_1_257' title='bbox 349 3140 433 3207; x_wconf 78' lang='lat' dir='ltr'><strong>magis</strong></span> <span class='ocrx_word' id='word_1_258' title='bbox 463 3140 545 3191; x_wconf 89' lang='lat' dir='ltr'><strong>etiam</strong></span> <span class='ocrx_word' id='word_1_259' title='bbox 576 3140 668 3191; x_wconf 81' lang='lat' dir='ltr'><strong>furens</strong></span> <span class='ocrx_word' id='word_1_260' title='bbox 686 3137 822 3190; x_wconf 87' lang='lat' dir='ltr'><strong>llebraeoa</strong></span> <span class='ocrx_word' id='word_1_261' title='bbox 840 3139 946 3206; x_wconf 76' lang='lat' dir='ltr'><strong>gravius</strong></span> <span class='ocrx_word' id='word_1_262' title='bbox 965 3146 1049 3206; x_wconf 83' lang='lat' dir='ltr'><strong>urget.</strong></span> <span class='ocrx_word' id='word_1_263' title='bbox 1069 3146 1235 3208; x_wconf 84' lang='lat' dir='ltr'><strong>quapropter</strong></span> 
     </span>
     <span class='ocr_line' id='line_1_30' title="bbox 149 3206 1236 3279; baseline -0.002 -18"><span class='ocrx_word' id='word_1_264' title='bbox 149 3210 294 3262; x_wconf 86' lang='lat' dir='ltr'><strong>subsecuta</strong></span> <span class='ocrx_word' id='word_1_265' title='bbox 318 3210 426 3278; x_wconf 79' lang='lat' dir='ltr'><strong>flagella</strong></span> <span class='ocrx_word' id='word_1_266' title='bbox 449 3226 609 3279; x_wconf 81' lang='lat' dir='ltr'><strong>poenaeque</strong></span> <span class='ocrx_word' id='word_1_267' title='bbox 627 3207 672 3260; x_wconf 87' lang='lat' dir='ltr'><strong>dei</strong></span> <span class='ocrx_word' id='word_1_268' title='bbox 689 3218 767 3272; x_wconf 91' lang='lat' dir='ltr'><strong>sunt,</strong></span> <span class='ocrx_word' id='word_1_269' title='bbox 782 3216 811 3260; x_wconf 88' lang='lat' dir='ltr'><strong>et</strong></span> <span class='ocrx_word' id='word_1_270' title='bbox 826 3209 899 3260; x_wconf 88' lang='lat' dir='ltr'><strong>inter</strong></span> <span class='ocrx_word' id='word_1_271' title='bbox 917 3208 984 3259; x_wconf 87' lang='lat' dir='ltr'><strong>alias</strong></span> <span class='ocrx_word' id='word_1_272' title='bbox 1004 3206 1105 3278; x_wconf 87' lang='lat' dir='ltr'><strong>quibus</strong></span> <span class='ocrx_word' id='word_1_273' title='bbox 1126 3218 1169 3261; x_wconf 87' lang='lat' dir='ltr'><strong>est</strong></span> <span class='ocrx_word' id='word_1_274' title='bbox 1186 3208 1236 3260; x_wconf 82' lang='lat' dir='ltr'><strong>ed-</strong></span> 
     </span>
     <span class='ocr_line' id='line_1_31' title="bbox 150 3279 1235 3350; baseline 0 -19"><span class='ocrx_word' id='word_1_275' title='bbox 150 3280 251 3345; x_wconf 85' lang='lat' dir='ltr'><strong>lectus‚</strong></span> <span class='ocrx_word' id='word_1_276' title='bbox 277 3280 359 3331; x_wconf 88' lang='lat' dir='ltr'><strong>etiam</strong></span> <span class='ocrx_word' id='word_1_277' title='bbox 377 3280 532 3332; x_wconf 90' lang='lat' dir='ltr'><strong>huiusmodi</strong></span> <span class='ocrx_word' id='word_1_278' title='bbox 557 3280 692 3350; x_wconf 89' lang='lat' dir='ltr'><strong>quandam</strong></span> <span class='ocrx_word' id='word_1_279' title='bbox 711 3279 847 3332; x_wconf 72' lang='lat' dir='ltr'><strong>exstitisse</strong></span> <span class='ocrx_word' id='word_1_280' title='bbox 871 3279 1001 3347; x_wconf 76' lang='lat' dir='ltr'><strong>Iosephus</strong></span> <span class='ocrx_word' id='word_1_281' title='bbox 1018 3279 1110 3331; x_wconf 79' lang='lat' dir='ltr'><strong>tradit</strong></span> <span class='ocrx_word' id='word_1_282' title='bbox 1128 3280 1235 3331; x_wconf 82' lang='lat' dir='ltr'><strong>infinita</strong></span> 
     </span>
     <span class='ocr_line' id='line_1_32' title="bbox 148 3349 1236 3423; baseline -0.001 -21"><span class='ocrx_word' id='word_1_283' title='bbox 148 3351 338 3423; x_wconf 83' lang='lat' dir='ltr'><strong>pediculorum</strong></span> <span class='ocrx_word' id='word_1_284' title='bbox 363 3351 511 3405; x_wconf 85' lang='lat' dir='ltr'><strong>multitudo</strong></span> <span class='ocrx_word' id='word_1_285' title='bbox 536 3350 608 3421; x_wconf 87' lang='lat' dir='ltr'><strong>apud</strong></span> <span class='ocrx_word' id='word_1_286' title='bbox 625 3350 771 3419; x_wconf 78' lang='lat' dir='ltr'><strong>Aegyptios</strong></span> <span class='ocrx_word' id='word_1_287' title='bbox 797 3349 990 3420; x_wconf 82' lang='lat' dir='ltr'><strong>proveniebat,</strong></span> <span class='ocrx_word' id='word_1_288' title='bbox 1008 3366 1042 3399; x_wconf 80' lang='lat' dir='ltr'><strong>ex</strong></span> <span class='ocrx_word' id='word_1_289' title='bbox 1058 3349 1236 3401; x_wconf 74' lang='lat' dir='ltr'><strong>interioribus</strong></span> 
     </span>
     <span class='ocr_line' id='line_1_33' title="bbox 149 3420 1235 3492; baseline -0.001 -19"><span class='ocrx_word' id='word_1_290' title='bbox 149 3438 242 3475; x_wconf 84' lang='lat' dir='ltr'><strong>eorum</strong></span> <span class='ocrx_word' id='word_1_291' title='bbox 272 3421 395 3492; x_wconf 87' lang='lat' dir='ltr'><strong>partibus</strong></span> <span class='ocrx_word' id='word_1_292' title='bbox 420 3422 585 3485; x_wconf 84' lang='lat' dir='ltr'><strong>scaturiens,</strong></span> <span class='ocrx_word' id='word_1_293' title='bbox 614 3422 752 3492; x_wconf 87' lang='lat' dir='ltr'><strong>aquibus</strong></span> <span class='ocrx_word' id='word_1_294' title='bbox 776 3421 955 3472; x_wconf 82' lang='lat' dir='ltr'><strong>excarnificati</strong></span> <span class='ocrx_word' id='word_1_295' title='bbox 975 3420 1074 3471; x_wconf 85' lang='lat' dir='ltr'><strong>misere</strong></span> <span class='ocrx_word' id='word_1_296' title='bbox 1094 3420 1235 3490; x_wconf 88' lang='lat' dir='ltr'><strong>peribant,</strong></span> 
     </span>
     <span class='ocr_line' id='line_1_34' title="bbox 148 3490 1237 3563; baseline -0.001 -18"><span class='ocrx_word' id='word_1_297' title='bbox 148 3510 199 3545; x_wconf 88' lang='lat' dir='ltr'><strong>nec</strong></span> <span class='ocrx_word' id='word_1_298' title='bbox 229 3494 273 3545; x_wconf 81' lang='lat' dir='ltr'><strong>vel</strong></span> <span class='ocrx_word' id='word_1_299' title='bbox 304 3492 418 3544; x_wconf 83' lang='lat' dir='ltr'><strong>lavacris</strong></span> <span class='ocrx_word' id='word_1_300' title='bbox 447 3493 491 3545; x_wconf 86' lang='lat' dir='ltr'><strong>vel</strong></span> <span class='ocrx_word' id='word_1_301' title='bbox 518 3493 722 3562; x_wconf 80' lang='lat' dir='ltr'><strong>pharmacorum</strong></span> <span class='ocrx_word' id='word_1_302' title='bbox 743 3490 948 3545; x_wconf 85' lang='lat' dir='ltr'><strong>inunctionibus</strong></span> <span class='ocrx_word' id='word_1_303' title='bbox 963 3490 1105 3562; x_wconf 77' lang='lat' dir='ltr'><strong>pediculos</strong></span> <span class='ocrx_word' id='word_1_304' title='bbox 1120 3491 1237 3563; x_wconf 80' lang='lat' dir='ltr'><strong>perdere</strong></span> 
     </span>
     <span class='ocr_line' id='line_1_35' title="bbox 147 3561 791 3635; baseline -0.005 -19"><span class='ocrx_word' id='word_1_305' title='bbox 147 3572 282 3635; x_wconf 84' lang='lat' dir='ltr'><strong>poterant.</strong></span> <span class='ocrx_word' id='word_1_306' title='bbox 300 3561 353 3615; x_wconf 90' lang='lat' dir='ltr'><strong>hoc</strong></span> <span class='ocrx_word' id='word_1_307' title='bbox 370 3562 451 3615; x_wconf 89' lang='lat' dir='ltr'><strong>modo</strong></span> <span class='ocrx_word' id='word_1_308' title='bbox 470 3580 526 3614; x_wconf 89' lang='lat' dir='ltr'><strong>rem</strong></span> <span class='ocrx_word' id='word_1_309' title='bbox 544 3563 675 3633; x_wconf 86' lang='lat' dir='ltr'><strong>Iosephus</strong></span> <span class='ocrx_word' id='word_1_310' title='bbox 693 3571 791 3615; x_wconf 89' lang='lat' dir='ltr'><strong>narrat.</strong></span> 
     </span>
    </p>

    <p class='ocr_par' dir='ltr' id='par_1_4' title="bbox 146 3630 1236 4273">
     <span class='ocr_line' id='line_1_36' title="bbox 215 3630 1236 3703; baseline -0.003 -17"><span class='ocrx_word' id='word_1_311' title='bbox 215 3634 258 3686; x_wconf 83' lang='lat' dir='ltr'><strong>Te</strong></span> <span class='ocrx_word' id='word_1_312' title='bbox 277 3643 382 3697; x_wconf 88' lang='lat' dir='ltr'><strong>autem,</strong></span> <span class='ocrx_word' id='word_1_313' title='bbox 396 3632 496 3687; x_wconf 84' lang='lat' dir='ltr'><strong>dilecte</strong></span> <span class='ocrx_word' id='word_1_314' title='bbox 513 3634 647 3695; x_wconf 64' lang='lat' dir='ltr'><strong>fita-scire</strong></span> <span class='ocrx_word' id='word_1_315' title='bbox 663 3634 725 3687; x_wconf 85' lang='lat' dir='ltr'><strong>volo</strong></span> <span class='ocrx_word' id='word_1_316' title='bbox 746 3634 837 3702; x_wconf 80' lang='lat' dir='ltr'><strong>plagas</strong></span> <span class='ocrx_word' id='word_1_317' title='bbox 854 3634 932 3696; x_wconf 86' lang='lat' dir='ltr'><strong>illas,</strong></span> <span class='ocrx_word' id='word_1_318' title='bbox 950 3632 1050 3703; x_wconf 80' lang='lat' dir='ltr'><strong>quibua</strong></span> <span class='ocrx_word' id='word_1_319' title='bbox 1068 3630 1236 3685; x_wconf 81' lang='lat' dir='ltr'><strong>Pharaonem</strong></span> 
     </span>
     <span class='ocr_line' id='line_1_37' title="bbox 146 3702 1236 3774; baseline -0.004 -17"><span class='ocrx_word' id='word_1_320' title='bbox 146 3702 254 3757; x_wconf 78' lang='lat' dir='ltr'><strong>arlssisit</strong></span> <span class='ocrx_word' id='word_1_321' title='bbox 271 3704 346 3769; x_wconf 88' lang='lat' dir='ltr'><strong>deus,</strong></span> <span class='ocrx_word' id='word_1_322' title='bbox 366 3705 521 3774; x_wconf 85' lang='lat' dir='ltr'><strong>persuaderi</strong></span> <span class='ocrx_word' id='word_1_323' title='bbox 540 3704 593 3758; x_wconf 90' lang='lat' dir='ltr'><strong>sibi</strong></span> <span class='ocrx_word' id='word_1_324' title='bbox 612 3720 668 3755; x_wconf 92' lang='lat' dir='ltr'><strong>non</strong></span> <span class='ocrx_word' id='word_1_325' title='bbox 687 3704 818 3757; x_wconf 84' lang='lat' dir='ltr'><strong>ferentem</strong></span> <span class='ocrx_word' id='word_1_326' title='bbox 833 3712 864 3756; x_wconf 91' lang='lat' dir='ltr'><strong>ut</strong></span> <span class='ocrx_word' id='word_1_327' title='bbox 880 3704 1175 3774; x_wconf 86' lang='lat' dir='ltr'><strong>populomlsraelicum</strong></span> <span class='ocrx_word' id='word_1_328' title='bbox 1193 3703 1236 3754; x_wconf 88' lang='lat' dir='ltr'><strong>di-</strong></span> 
     </span>
     <span class='ocr_line' id='line_1_38' title="bbox 147 3774 1236 3844; baseline -0.002 -17"><span class='ocrx_word' id='word_1_329' title='bbox 147 3776 282 3839; x_wconf 84' lang='lat' dir='ltr'><strong>mitteret,</strong></span> <span class='ocrx_word' id='word_1_330' title='bbox 301 3792 412 3827; x_wconf 87' lang='lat' dir='ltr'><strong>numero</strong></span> <span class='ocrx_word' id='word_1_331' title='bbox 439 3774 533 3827; x_wconf 86' lang='lat' dir='ltr'><strong>decern</strong></span> <span class='ocrx_word' id='word_1_332' title='bbox 553 3776 651 3838; x_wconf 78' lang='lat' dir='ltr'><strong>scrisse,</strong></span> <span class='ocrx_word' id='word_1_333' title='bbox 678 3774 905 3844; x_wconf 86' lang='lat' dir='ltr'><strong>quemadmodum</strong></span> <span class='ocrx_word' id='word_1_334' title='bbox 931 3775 961 3826; x_wconf 89' lang='lat' dir='ltr'><strong>in</strong></span> <span class='ocrx_word' id='word_1_335' title='bbox 980 3774 1052 3825; x_wconf 90' lang='lat' dir='ltr'><strong>libro</strong></span> <span class='ocrx_word' id='word_1_336' title='bbox 1072 3775 1120 3844; x_wconf 90' lang='lat' dir='ltr'><strong>qui</strong></span> <span class='ocrx_word' id='word_1_337' title='bbox 1141 3782 1183 3825; x_wconf 88' lang='lat' dir='ltr'><strong>est</strong></span> <span class='ocrx_word' id='word_1_338' title='bbox 1200 3776 1236 3824; x_wconf 79' lang='lat' dir='ltr'><strong>de</strong></span> 
     </span>
     <span class='ocr_line' id='line_1_39' title="bbox 148 3844 1234 3917; baseline -0.004 -19"><span class='ocrx_word' id='word_1_339' title='bbox 148 3846 331 3898; x_wconf 85' lang='lat' dir='ltr'><strong>Israelitarum</strong></span> <span class='ocrx_word' id='word_1_340' title='bbox 358 3863 389 3899; x_wconf 75' lang='lat' dir='ltr'><strong>es</strong></span> <span class='ocrx_word' id='word_1_341' title='bbox 413 3846 534 3916; x_wconf 71' lang='lat' dir='ltr'><strong>Aegypto</strong></span> <span class='ocrx_word' id='word_1_342' title='bbox 558 3847 729 3916; x_wconf 84' lang='lat' dir='ltr'><strong>profectione</strong></span> <span class='ocrx_word' id='word_1_343' title='bbox 753 3847 933 3917; x_wconf 87' lang='lat' dir='ltr'><strong>perscriptum</strong></span> <span class='ocrx_word' id='word_1_344' title='bbox 962 3844 1084 3913; x_wconf 81' lang='lat' dir='ltr'><strong>legimus.</strong></span> <span class='ocrx_word' id='word_1_345' title='bbox 1105 3844 1234 3896; x_wconf 84' lang='lat' dir='ltr'><strong>nimirum</strong></span> 
     </span>
     <span class='ocr_line' id='line_1_40' title="bbox 148 3914 1235 3987; baseline -0.003 -18"><span class='ocrx_word' id='word_1_346' title='bbox 148 3916 243 3971; x_wconf 82' lang='lat' dir='ltr'><strong>decem</strong></span> <span class='ocrx_word' id='word_1_347' title='bbox 268 3918 362 3985; x_wconf 84' lang='lat' dir='ltr'><strong>plagae</strong></span> <span class='ocrx_word' id='word_1_348' title='bbox 381 3927 492 3987; x_wconf 85' lang='lat' dir='ltr'><strong>propter</strong></span> <span class='ocrx_word' id='word_1_349' title='bbox 509 3916 622 3969; x_wconf 85' lang='lat' dir='ltr'><strong>huiusce</strong></span> <span class='ocrx_word' id='word_1_350' title='bbox 645 3916 979 3986; x_wconf 79' lang='lat' dir='ltr'><strong>numeri&#39;perleetionem,</strong></span> <span class='ocrx_word' id='word_1_351' title='bbox 999 3931 1047 3966; x_wconf 87' lang='lat' dir='ltr'><strong>eos</strong></span> <span class='ocrx_word' id='word_1_352' title='bbox 1073 3914 1235 3967; x_wconf 83' lang='lat' dir='ltr'><strong>divexarunt</strong></span> 
     </span>
     <span class='ocr_line' id='line_1_41' title="bbox 148 3985 1235 4058; baseline -0.006 -20"><span class='ocrx_word' id='word_1_353' title='bbox 148 3989 196 4056; x_wconf 84' lang='lat' dir='ltr'><strong>qui</strong></span> <span class='ocrx_word' id='word_1_354' title='bbox 213 3988 334 4058; x_wconf 85' lang='lat' dir='ltr'><strong>perlecta</strong></span> <span class='ocrx_word' id='word_1_355' title='bbox 354 3988 535 4058; x_wconf 86' lang='lat' dir='ltr'><strong>deliquerant.</strong></span> <span class='ocrx_word' id='word_1_356' title='bbox 562 3989 686 4058; x_wconf 83' lang='lat' dir='ltr'><strong>princeps</strong></span> <span class='ocrx_word' id='word_1_357' title='bbox 715 3990 835 4038; x_wconf 88' lang='lat' dir='ltr'><strong>omnium</strong></span> <span class='ocrx_word' id='word_1_358' title='bbox 853 3996 912 4039; x_wconf 88' lang='lat' dir='ltr'><strong>erat</strong></span> <span class='ocrx_word' id='word_1_359' title='bbox 930 4002 1060 4056; x_wconf 83' lang='lat' dir='ltr'><strong>aquamm</strong></span> <span class='ocrx_word' id='word_1_360' title='bbox 1078 3987 1109 4036; x_wconf 90' lang='lat' dir='ltr'><strong>in</strong></span> <span class='ocrx_word' id='word_1_361' title='bbox 1125 3985 1235 4050; x_wconf 75' lang='lat' dir='ltr'><strong>sangui·</strong></span> 
     </span>
     <span class='ocr_line' id='line_1_42' title="bbox 148 4054 1236 4129; baseline -0.004 -18"><span class='ocrx_word' id='word_1_362' title='bbox 148 4076 209 4111; x_wconf 85' lang='lat' dir='ltr'><strong>nem</strong></span> <span class='ocrx_word' id='word_1_363' title='bbox 227 4076 276 4128; x_wconf 88' lang='lat' dir='ltr'><strong>per</strong></span> <span class='ocrx_word' id='word_1_364' title='bbox 293 4058 440 4128; x_wconf 80' lang='lat' dir='ltr'><strong>Aegyptum</strong></span> <span class='ocrx_word' id='word_1_365' title='bbox 462 4059 612 4111; x_wconf 85' lang='lat' dir='ltr'><strong>universam</strong></span> <span class='ocrx_word' id='word_1_366' title='bbox 630 4060 812 4112; x_wconf 84' lang='lat' dir='ltr'><strong>commutatio.</strong></span> <span class='ocrx_word' id='word_1_367' title='bbox 830 4058 1006 4129; x_wconf 84' lang='lat' dir='ltr'><strong>quamobrem</strong></span> <span class='ocrx_word' id='word_1_368' title='bbox 1024 4058 1094 4107; x_wconf 89' lang='lat' dir='ltr'><strong>istuc</strong></span> <span class='ocrx_word' id='word_1_369' title='bbox 1114 4054 1236 4108; x_wconf 73' lang='lat' dir='ltr'><strong>sactum?</strong></span> 
     </span>
     <span class='ocr_line' id='line_1_43' title="bbox 149 4123 1233 4201; baseline -0.002 -24"><span class='ocrx_word' id='word_1_370' title='bbox 149 4146 196 4179; x_wconf 87' lang='lat' dir='ltr'><strong>rur</strong></span> <span class='ocrx_word' id='word_1_371' title='bbox 212 4146 261 4197; x_wconf 85' lang='lat' dir='ltr'><strong>per</strong></span> <span class='ocrx_word' id='word_1_372' title='bbox 289 4144 373 4198; x_wconf 82' lang='lat' dir='ltr'><strong>aqum</strong></span> <span class='ocrx_word' id='word_1_373' title='bbox 393 4129 459 4180; x_wconf 73' lang='lat' dir='ltr'><strong>«leus</strong></span> <span class='ocrx_word' id='word_1_374' title='bbox 478 4146 525 4181; x_wconf 85' lang='lat' dir='ltr'><strong>eos</strong></span> <span class='ocrx_word' id='word_1_375' title='bbox 542 4132 630 4201; x_wconf 88' lang='lat' dir='ltr'><strong>primo</strong></span> <span class='ocrx_word' id='word_1_376' title='bbox 652 4130 711 4181; x_wconf 87' lang='lat' dir='ltr'><strong>loco</strong></span> <span class='ocrx_word' id='word_1_377' title='bbox 735 4129 838 4201; x_wconf 80' lang='lat' dir='ltr'><strong>pauit?</strong></span> <span class='ocrx_word' id='word_1_378' title='bbox 861 4128 936 4197; x_wconf 86' lang='lat' dir='ltr'><strong>quod</strong></span> <span class='ocrx_word' id='word_1_379' title='bbox 952 4142 1048 4195; x_wconf 82' lang='lat' dir='ltr'><strong>aqumn</strong></span> <span class='ocrx_word' id='word_1_380' title='bbox 1069 4123 1168 4178; x_wconf 80' lang='lat' dir='ltr'><strong>eximie</strong></span> <span class='ocrx_word' id='word_1_381' title='bbox 1186 4142 1233 4175; x_wconf 88' lang='lat' dir='ltr'><strong>co-</strong></span> 
     </span>
     <span class='ocr_line' id='line_1_44' title="bbox 148 4194 1232 4273; baseline -0.003 -24"><span class='ocrx_word' id='word_1_382' title='bbox 148 4198 236 4255; x_wconf 83' lang='lat' dir='ltr'><strong>lerent</strong></span> <span class='ocrx_word' id='word_1_383' title='bbox 246 4240 254 4266; x_wconf 92' lang='lat'><em>,</em></span> <span class='ocrx_word' id='word_1_384' title='bbox 272 4198 353 4273; x_wconf 77' lang='lat' dir='ltr'><strong>quala</strong></span> <span class='ocrx_word' id='word_1_385' title='bbox 372 4216 429 4255; x_wconf 83' lang='lat' dir='ltr'><strong>esse</strong></span> <span class='ocrx_word' id='word_1_386' title='bbox 447 4200 608 4273; x_wconf 86' lang='lat' dir='ltr'><strong>principium</strong></span> <span class='ocrx_word' id='word_1_387' title='bbox 629 4209 703 4255; x_wconf 88' lang='lat' dir='ltr'><strong>artus</strong></span> <span class='ocrx_word' id='word_1_388' title='bbox 722 4217 811 4255; x_wconf 85' lang='lat' dir='ltr'><strong>rerum</strong></span> <span class='ocrx_word' id='word_1_389' title='bbox 828 4201 1014 4255; x_wconf 75' lang='lat' dir='ltr'><strong>universarum</strong></span> <span class='ocrx_word' id='word_1_390' title='bbox 1033 4194 1232 4250; x_wconf 70' lang='lat' dir='ltr'><strong>existimabant.</strong></span> 
     </span>
    </p>
   </div>
   <div class='ocr_carea' id='block_1_4' title="bbox 0 0 1504 4859">
    <p class='ocr_par' dir='ltr' id='par_1_5' title="bbox 0 0 1504 4859">
     <span class='ocr_line' id='line_1_45' title="bbox 0 0 1504 4859; baseline 0 0"><span class='ocrx_word' id='word_1_391' title='bbox 0 0 1504 4859; x_wconf 95' lang='lat' dir='ltr'><strong> </strong></span> 
     </span>
    </p>
   </div>
  </div>
 </body>
</html>
