3000 4859
471 333 686 396 auuauuu
715 331 817 394 raus
842 335 871 398 r,
1155 331 1212 412 99

123 496 238 583 ρούσης
250 491 310 582 τής
321 499 482 585 ψυχῆςτῇ
495 497 663 587 περιουσίᾳ
677 500 736 562 τού
746 497 871 580 λόγον.”
886 489 953 580 εἶχε
965 495 1025 578 μὲν
1044 487 1102 560 σύν
1115 517 1212 560 συνυ-
1223 510 1249 562 Ρ.
1261 511 1293 564 §a

121 602 350 683 ετογεννηθήναι
363 598 407 685 τῷ
422 594 581 687 αὐθρυύπιρ
600 595 640 661 τύ
655 593 760 662 ’πάντα
775 593 856 677 μετὰ
869 597 924 660 καί
935 599 994 660 τοίί
1005 590 1100 678 λόγου
1112 596 1214 660 ου’τσύ

120 695 198 760 aursi
220 696 351 761 πλείονα
371 697 567 782 φιλοτιμίαν.
612 699 683 761 ἀλλ’
706 693 863 776 ούμενούν
883 693 904 778 ἦ
925 696 983 760 τού
1005 693 1096 775 λόγου
1117 690 1215 777 χάρις

120 793 271 861 ἐντεῦθεν
292 798 462 861 ἐδείκνυτο.
506 795 640 878 σίνύγνης
660 791 723 880 γὰρ
743 793 789 880 μή
810 787 907 878 οόσης
930 795 992 858 τίνι
1008 787 1088 878 ύίνή
1111 789 1215 858 αύτσύ

17 940 18 987 q
93 891 263 978 ὅένίργεια
299 891 447 980 διάδηλος
472 899 598 980 γέγονες
626 882 705 959 κατὰ
725 897 822 960 τούτο
843 897 878 958 δὲ
898 890 1072 978 παρύτοῖς
1093 890 1215 976 ἀλόγοις

17 998 18 1053 ἶ
121 992 213 1071 §aiore
234 998 291 1058 καί
308 990 498 1078 αἰσθήσεις,
519 989 576 1058 ὅτε
596 989 692 1076 λόγου
712 991 756 1076 μή
779 985 866 1068 ὄντος
873 1041 883 1074 ,
904 988 1133 1077 τετρύνανται·
1175 992 1212 1057 τύ

118 1090 181 1177 γάρ
201 1095 346 1157 ἐλλεῖπον
369 1100 428 1159 τού
444 1093 540 1177 λόγου
560 1096 600 1181 τῇ
618 1090 790 1182 περισυσίφ
809 1095 873 1157 τῶν
895 1087 1076 1176 αἰσθήσεων
1096 1089 1215 1156 πανσύ-

120 1217 187 1276 φας
211 1192 230 1256 δ
251 1197 316 1258 ταῖν
336 1193 488 1259 ἁπάντων
507 1192 759 1277 παρεμυθήσατο
780 1191 945 1275 πρύτανις.

199 1295 286 1358 Ἀλλ’
317 1289 378 1378 ὅρα
408 1292 467 1357 νύν
489 1291 611 1368 τούτοις
644 1290 702 1377 τήν
721 1293 912 1376 κηδεμονίαν
936 1293 998 1356 τού
1019 1293 1109 1360 θεού.
1150 1315 1216 1372 μα-

77 1388 229 1476 ιοκρύςύ
260 1390 423 1477 τράχηλος
453 1396 511 1477 τῆς
542 1390 687 1475 καμήλου
718 1394 804 1468 τίνος
824 1393 944 1473 ἓνεκενς
965 1391 1017 1456 ἵνα
1035 1399 1099 1466 τοῖς
1123 1392 1216 1455 ποσίν

116 1489 310 1576 ε’ξισύζηται,
333 1495 389 1556 καί
417 1494 584 1578 ἐφικνῆται
602 1495 659 1574 τῆς
678 1488 812 1574 βοτάνης
829 1494 864 1570 ἐξ
882 1483 922 1576 ής
944 1493 1057 1577 α’πσζῇ.
1099 1485 1159 1556 ὅσα
1179 1492 1243 1554 die

116 1595 178 1657 sair
203 1588 297 1670 ζιύοον
317 1595 375 1656 mix
396 1590 460 1656 α’πό
484 1593 540 1673 τῆς
559 1585 643 1665 πόας
668 1587 725 1674 τήν
745 1588 830 1675 ζωήν
849 1587 939 1674 ἔχει,
961 1593 1037 1655 midi
1056 1586 1136 1674 πρὸς
1157 1593 1216 1674 γήν

117 1691 288 1769 κυπτάζειν
323 1687 593 1772 καταναγκάζεται
617 1683 673 1756 dire
703 1688 743 1771 δή
765 1685 950 1775 σαρκοβόρα
972 1683 1065 1772 ὄντα,
1087 1689 1216 1774 βραχύν

119 1791 173 1853 καί
190 1801 258 1866 τοῖς
278 1781 379 1873 ὤμοις
397 1785 587 1854 ἐνδεδυκότα
605 1785 682 1871 ἔσχε
701 1786 758 1853 τύν
778 1789 947 1874 τράχηλον.
972 1788 1026 1855 διό
1047 1792 1140 1854 τούτο
1159 1791 1217 1854 καί

77 1884 140 1972 15ή
159 1893 337 1971 προνομαια
361 1885 538 1972 δεδώρηται
557 1888 601 1974 τῷ
631 1889 800 1974 ε’λίφαντι,
824 1885 884 1970 τήν
905 1891 1026 1972 βρῶσιν
1046 1890 1104 1953 καί
1120 1885 1215 1954 πόσιν

119 1987 190 2052 rim*
211 1990 271 2052 τού
299 1983 462 2072 τραχήλου
492 1985 680 2067 κομίζουσα.
736 1985 807 2050 ἐπεί
837 1987 873 2050 δὲ
899 1986 945 2060 είς
974 1983 1119 2074 ἔκπληξιν
1150 1991 1216 2052 τῶν

121 2084 265 2170 όροίνταν
284 2084 320 2150 τύ
344 2088 438 2163 σῶμα
464 2078 565 2149 αύτού
581 2083 637 2149 καί
655 2083 740 2150 πάνυ
765 2087 847 2168 μέγα
870 2083 1056 2167 ἐσκεύαστο,
1078 2087 1119 2149 δι’
1139 2084 1217 2150 oriri

122 2188 287 2250 τοῦτοκαὶ
314 2184 534 2270 α’διύρθρωτσι
561 2185 666 2249 αύτού
685 2183 716 2250 oi
736 2184 833 2260 πόδες
844 2183 996 2266 καθάπερ
1017 2187 1099 2260 τινὲς
1117 2187 1217 2260 κίονες

121 2283 152 2348 τό
172 2281 273 2369 βύρος
299 2283 581 2369 ύποστηριζοντες·
633 2286 664 2349 εί
689 2285 752 2369 γὰρ
787 2287 895 2367 χαύνα
916 2283 1003 2372 αύτῷ
1026 2282 1081 2348 καί
1100 2285 1216 2367 δίυγρα

79 2379 259 2469 τούπετέθη
277 2382 318 2449 τύ
349 2385 452 2466 κοῖλοι,
480 2391 627 2464 συνεχεῖς
647 2377 851 2465 ύν“ίγδνοντο
872 2385 937 2447 ταῖν
956 2375 1087 2468 ἄρθρων
1108 2381 1142 2446 αὶ
1163 2385 1216 2448 ἐκ·
1279 2441 1282 2450 .

119 2484 244 2568 τροπαί.
296 2481 379 2548 α’λλσὶ
408 2481 464 2546 καί
488 2481 657 2566 τριακόσια
678 2478 735 2566 ἔτη
762 2480 928 2566 ἱστοροῦσί
944 2505 1027 2558 τινες
1046 2469 1138 2564 βιοῦν
1158 2480 1214 2546 τόν

119 2583 287 2670 ἐλέφαντα.
334 2581 374 2646 ού
393 2584 513 2663 μᾶλλον
531 2583 589 2659 δί,
617 2584 735 2667 φησίν,
763 2573 885 2665 ίίγαμαι
904 2580 960 2646 τὸν
981 2581 1137 2668 ἐλέφαντα
1156 2584 1242 2646 τούί.Ι

119 2892 149 2935 ut
157 2889 291 2945 caeterae,
307 2880 453 2950 supplente
473 2881 602 2932 nimirum
621 2881 711 2932 animo
729 2895 780 3001 per
798 2880 911 2932 rationis
929 2875 1119 2931 excellentiam
1136 2879 1212 2950 quod

118 2953 277 3023 corporibus
302 2951 405 3004 deest!
432 2953 568 3022 potuisset
592 2950 705 3020 quidem
755 2951 838 3001 omini
865 2952 988 3004 nascenti
1005 2951 1088 3002 etiam
1103 2959 1213 3020 praeter

119 3027 252 3076 rationem
270 3022 326 3074 alia
341 3022 464 3074 tribuere
481 3023 586 3085 omnia,
606 3038 699 3074 uerum
716 3019 770 3072 hoc
787 3019 869 3074 ruodo
891 3022 1002 3072 rationis
1021 3023 1107 3088 gratia
1125 3021 1213 3074 bene-

118 3095 265 3165 ficiumque
292 3110 348 3146 non
365 3093 507 3145 eluxisset.
532 3109 596 3144 narn
612 3091 636 3142 si
654 3091 726 3144 nihil
743 3092 770 3143 ei
787 3093 968 3144 necessarium
987 3092 1076 3154 soret,
1095 3109 1212 3161 quanam

118 3183 147 3217 re
162 3167 203 3217 ris
222 3165 283 3216 eius
301 3163 439 3216 declarata
458 3163 574 3216 fuisset?
593 3162 689 3215 eadem
712 3162 746 3214 de
765 3179 844 3214 causa
863 3162 952 3213 brutis
970 3159 1133 3213 animalibus
1152 3161 1212 3216 dati

117 3244 181 3288 aunt
197 3250 295 3288 semus
312 3235 438 3298 acriores,
458 3236 583 3304 aliquae
600 3234 706 3286 ratioue
716 3242 846 3286 carerent.
865 3233 1002 3300 sapienter
1020 3233 1092 3284 enirn
1112 3231 1212 3300 guber-

117 3316 196 3359 natur
212 3307 265 3358 ille
292 3306 475 3359 universitatis
501 3304 584 3358 huius
605 3304 741 3357 desectum
768 3311 797 3357 et
814 3303 935 3374 inopiam
952 3303 1067 3355 rationis
1083 3319 1212 3356 sensuum

118 3378 266 3430 acrimonia
281 3379 500 3448 praestantiaque
517 3378 710 3446 compensavit„

185 3450 238 3500 llic
255 3449 338 3501 etiam
353 3449 384 3501 in
403 3447 485 3500 rebus
501 3464 591 3500 curam
616 3445 870 3516 providentiamque
889 3444 934 3498 dei
953 3443 1132 3499 considerato.
1148 3445 1211 3498 lon·

116 3535 179 3588 gans
205 3519 324 3572 camelus
353 3520 453 3572 collum
470 3517 563 3571 habet.
581 3517 778 3588 quamobrem?
805 3527 836 3570 ut
854 3515 938 3586 pedes
961 3525 1106 3586 aequaret,
1125 3525 1210 3585 atque

116 3592 271 3660 pertingere
287 3600 383 3660 posset
399 3589 436 3642 ad
455 3589 553 3642 herbas
571 3589 670 3660 quibus
695 3590 809 3640 victitat.
828 3603 1006 3658 quaeeunque
1024 3603 1088 3638 raro
1106 3588 1210 3640 anima-

116 3661 154 3712 lia
170 3659 272 3713 victum
288 3678 304 3712 e
324 3671 395 3715 terra
411 3677 468 3714 nou
482 3660 601 3724 habent,
618 3677 671 3714 nec
687 3659 723 3710 ad
733 3669 832 3712 terram
849 3667 931 3728 caput
947 3657 1090 3710 demittere
1108 3675 1210 3726 cogun-

117 3739 163 3783 tur
178 3733 221 3785 uti
244 3749 316 3803 quae
334 3731 459 3785 carnibus
486 3741 648 3797 vescuntur,
665 3728 748 3782 breve
767 3731 868 3783 collum
887 3739 915 3781 et
928 3727 1000 3781 intra
1018 3727 1145 3781 humerus
1161 3743 1211 3780 ve-

117 3801 160 3856 lut
187 3803 312 3856 abditum
335 3801 446 3854 habent„
470 3812 615 3874 propterea
640 3801 781 3873 proboseis
809 3799 955 3870 elephanto
980 3799 1044 3852 data
1066 3807 1120 3864 eat,
1138 3812 1211 3868 quaa

117 3873 182 3924 salli
200 3875 263 3926 loeo
289 3875 382 3927 eibum
397 3883 481 3944 atque
501 3883 596 3943 putum
614 3874 641 3924 ei
658 3874 854 3924 subminirtrat.
871 3873 935 3942 quia
952 3888 1015 3924 vero
1034 3885 1130 3938 corpur
1151 3869 1210 3920 eius

116 3953 299 4014 eomparatum
326 3944 362 3996 ad
386 3953 568 4014 spectatorum
597 3943 805 3995 admirationem
823 3951 852 3995 et
872 3944 967 4011 iugens
984 3939 1131 3994 admodum
1152 3948 1210 4002 eet,

117 4013 217 4067 ioeirou
240 4016 326 4086 pedes
352 4017 435 4068 etiarn
453 4017 539 4086 ipsius
558 4023 651 4068 carent
676 4015 814 4078 articulis,
841 4015 921 4084 quasi
946 4013 1054 4083 pondus
1073 4009 1211 4082 quoddam

117 4087 299 4140 matinentea:
325 4105 389 4138 nam
412 4088 437 4138 si
458 4087 587 4139 mollibus
606 4095 635 4139 et
651 4084 770 4139 humidis
796 4084 924 4138 memhris
942 4084 1120 4145 inniteretur,
1138 4096 1211 4130 nuu-

117 4171 201 4224 quarn
218 4175 274 4210 non
291 4158 401 4211 articuli
419 4158 581 4210 laxarentur.
599 4156 711 4210 tradunt
728 4157 812 4210 etiam
828 4154 970 4217 nonnulli,
988 4153 1052 4204 CCC
1073 4159 1145 4203 totos
1161 4163 1211 4200 an-

117 4241 167 4279 nea
187 4227 363 4299 elephantum
378 4229 478 4286 virere.
497 4243 589 4300 neque
604 4244 668 4285 tero
685 4228 778 4297 magis,
799 4227 890 4298 inquit
908 4223 981 4277 idem
1001 4221 1131 4286 Basilius,
1150 4219 1208 4271 ale-
