3000 4859
535 950 598 1015 ΑΒ
631 948 877 1017 OPTlMUM

316 1137 390 1215 nr
420 1129 741 1217 aaunrruu
776 1139 1089 1219 necaonem
1209 1163 1213 1172 ·

435 1328 960 1432 PRAEFATIO.

591 1572 812 1587 uun—-

159 1703 338 1795 Michaelis
367 1729 481 1817 Glycae
508 1730 656 1812 Annales,
689 1754 773 1796 nunc
804 1732 943 1818 primum
972 1742 1105 1820 utraque
1145 1734 1250 1821 lingua

163 1832 236 1893 orhi
255 1832 407 1916 cognitos,
429 1852 499 1895 cum
521 1832 579 1894 tibi
598 1833 698 1917 Regiis
725 1834 808 1919 typis
828 1843 1035 1918 repraesento,
1058 1836 1177 1919 optime
1198 1836 1245 1897 le-

164 1942 256 2008 ctor,
274 1932 373 1993 nolim
394 1931 541 1995 existimes
561 1932 651 1995 unius
682 1932 840 1996 dumtaxat
862 1927 1011 1998 historiae
1032 1944 1086 1997 aut
1108 1935 1249 2000 cluonioi

162 2033 365 2115 scriptorem,
397 2030 498 2117 quales
519 2032 628 2096 eodem
655 2034 721 2096 fere
743 2043 887 2119 tempore
910 2036 1070 2098 uberrimo
1091 2043 1249 2119 proventu
1336 2089 1341 2102 .

161 2132 269 2193 extulit
282 2132 421 2211 Graecia,
435 2132 601 2195 iohannem
608 2134 771 2211 Zonaram,
788 2136 959 2219 Georgium
968 2134 1151 2214 cedrenum,
1162 2129 1248 2197 Gon.

161 2231 331 2293 stantinum
340 2234 506 2295 Manassem
518 2234 699 2319 similesque,
712 2234 765 2297 sed
779 2234 959 2318 theologum
973 2234 1073 2314 simul,
1090 2258 1247 2299 sacrarum

162 2330 338 2394 litterarum
364 2332 590 2417 interpretem,
618 2334 773 2397 medicum
804 2335 1015 2419 naturalisque
1032 2336 1175 2398 scientiae
1197 2336 1248 2395 in.

163 2432 342 2515 dagatorem
362 2432 595 2495 solertissimum
614 2432 763 2498 exhiberi.
786 2434 829 2495 ita
850 2434 932 2497 enim
945 2435 984 2496 ah
1004 2434 1082 2497 orhe
1103 2433 1245 2513 condito,

166 2530 254 2615 quod
286 2540 318 2595 et
346 2532 398 2594 alii
425 2533 527 2597 lacere
547 2535 678 2618 aggressi
708 2542 796 2613 sunt,
827 2556 924 2620 usque
950 2534 990 2596 ad
1005 2536 1126 2597 obitum
1148 2534 1244 2598 Alerii

164 2624 313 2694 Comneni
342 2640 375 2695 et
404 2654 518 2697 annum
541 2634 655 2696 Christi
676 2634 835 2699 Mcxvm
861 2634 1110 2719 patriarcharum
1137 2655 1245 2719 regum

162 2738 258 2815 atque
276 2732 498 2815 imperatorum
528 2754 576 2797 rcs
597 2742 711 2819 gestas,
743 2734 968 2819 historiamque
998 2756 1122 2798 omnem
1140 2735 1260 2818 iudai·-⁴
1295 2773 1299 2779 ,

160 2852 230 2894 cam
249 2834 419 2895 Romanam
440 2856 475 2896 ac
496 2834 867 2919 Constantinopolitanam
887 2835 1058 2918 pertexuit,
1079 2842 1116 2896 nt
1134 2833 1244 2897 eodem
1309 2913 1312 2918 θ

160 2940 308 2995 contexta
328 2942 541 2997 controversas
571 2936 654 2997 inter
677 2934 839 3019 theologos
860 2934 1123 3019 philosophosque
1146 2956 1244 3019 quae-

158 3032 274 3094 stiones
304 3034 485 3117 agitaverit,
514 3056 549 3097 ae
569 3032 608 3097 de
635 3036 726 3097 rehus
754 3035 896 3098 omnibus
917 3058 996 3122 qnae
1017 3036 1050 3096 in
1071 3036 1155 3097 eaelo
1174 3039 1245 3097 aire

160 3140 247 3195 terra
268 3156 304 3195 ac
323 3134 403 3196 mari
433 3136 528 3213 fiunt,
553 3132 591 3197 de
615 3136 721 3197 avibus
741 3135 875 3218 piscibus
897 3134 1097 3211 animalibus,
1114 3132 1243 3196 homine

161 3240 255 3319 atque
275 3234 385 3316 angelis
406 3232 592 3312 disseruerit,
611 3243 757 3319 sequutus
776 3243 918 3296 veterum
940 3242 1066 3315 patmm
1091 3232 1245 3296 Eustathii

159 3332 260 3395 Basilii
280 3334 624 3419 NysseniChrysostomi
644 3334 782 3397 Sinaitae
791 3332 911 3398 Pisidae
930 3332 1125 3418 aliorumque
1146 3332 1242 3394 vesti-

158 3434 210 3517 gia
229 3454 266 3497 ac
282 3454 361 3517 pene
382 3436 493 3509 verba,
516 3434 570 3521 qui
598 3454 676 3518 opus
693 3456 743 3496 sex
763 3434 897 3513 dierum,
919 3432 1006 3518 quod
1026 3436 1146 3495 Graeca
1166 3451 1244 3493 voce

157 3532 369 3597 Hexaemeron
384 3532 487 3597 dicere
507 3534 650 3615 solemus,
669 3534 816 3617 singulari
829 3532 986 3617 diligentia
1006 3534 1243 3595 concinnarunt.

239 3634 377 3697 Patriam
397 3634 511 3697 docent
530 3656 588 3695 mss
608 3632 748 3711 codices,
784 3634 839 3719 qui
858 3628 1046 3715 Σικελιώτην
1065 3640 1244 3694 constanter

156 3734 331 3817 appellant3
361 3756 419 3797 nec
443 3732 604 3796 abluderet
634 3732 773 3797 additum
791 3733 851 3797 rosi
872 3730 981 3795 resse
1000 3753 1193 3816 cognomen,
1215 3732 1242 3793 si

155 3836 278 3898 labente
298 3834 484 3897 duodecimo
507 3834 620 3897 Christi
643 3834 788 3914 sacculo,
810 3854 876 3918 quo
898 3833 1005 3895 vixisse
1024 3834 1109 3895 cirea
1126 3852 1242 3893 annum

155 3936 240 3999 MCL
258 3934 395 4013 videtur,
414 3934 532 3996 Siculos
546 3934 665 3996 Dorica
687 3933 788 3995 adhue
808 3932 940 3996 dialecto
962 3952 1031 3994 usos
1050 3931 1140 3993 fuisse
1160 3952 1240 3993 eon-

154 4043 261 4097 staret.
284 4036 423 4119 privatus
447 4056 485 4095 an
505 4036 536 4095 in
552 4034 732 4118 magistratu
749 4041 803 4096 aut
813 4033 962 4116 dignitate
982 4033 1084 4117 aliqua
1103 4030 1241 4112 publica,

153 4134 282 4197 militari
305 4136 405 4198 aulica
437 4136 590 4197 lorensive
616 4144 764 4209 ornatus,
791 4136 975 4217 coniugatus
996 4154 1035 4194 an
1053 4130 1170 4193 caelebs
1190 4129 1242 4189 vi.

154 4234 253 4316 serit,
275 4235 367 4321 plane
391 4236 512 4309 uxeio,
542 4256 599 4299 nee
630 4234 772 4319 adspersa
798 4234 921 4319 singulis
944 4235 1010 4296 sere
1029 4230 1147 4314 paginis
1168 4222 1242 4293 stat
