3000 4859
278 309 358 412 rtti
394 371 401 384 .
611 335 827 400 ntentans
855 335 1019 400 carcaa

235 483 378 573 Μάριος
391 479 457 550 οἶδε
472 483 606 559 Παῦλος
626 479 726 560 οὕτως
746 483 841 550 εἰπών
865 483 1035 564 ,ἐκάθισεν
1056 479 1227 568 ὅΧριστὸς
1251 481 1356 548 seim

267 585 371 670 τια’σης
390 586 489 666 ἀρχῆς
510 583 565 646 καί
583 587 727 661 ἐξουσίας
748 585 805 646 καί
822 585 985 664 δυνάμεως
999 587 1055 646 καί
1066 581 1183 657 παντὸς
1201 576 1355 662 ὄνόματος

266 684 499 766 ἆνομαζομένου
512 681 556 765 μη
571 678 668 761 μόνον
686 687 720 746 ὲν
735 687 778 769 τῷ
794 686 885 748 αἰῶνι
901 681 998 770 τούτῳ
1014 681 1095 746 α’λλὰ
1109 680 1164 744 καί
1176 683 1210 745 ἐν
1224 682 1267 770 τῷ
1277 685 1355 762 μέλ·

264 783 376 847 lom?
393 779 431 846 sd
453 785 559 861 μέντοι
582 783 801 866 ὁίαληφθὲντα
825 783 916 846 ἐννέα
938 779 1081 864 τάγματα
1105 783 1149 856 τίς
1168 787 1252 864 τρεῖς
1272 779 1355 864 ripo-

265 883 348 967 ρίζει
374 878 598 963 διακοσμήσας
626 881 643 942 d
673 885 762 956 θεῖος
775 877 973 960 Διονύσιος,
1008 883 1064 944 καί
1082 880 1210 964 πρώτην
1230 884 1289 962 μὲν
1309 874 1388 957 ulfi

263 979 322 1046 ναί
339 1003 417 1065 φησι
439 977 479 1044 τοὶ
501 982 648 1065 Σεραῳίμ
673 979 713 1044 τὰ
734 984 904 1065 Χερουβίμ
931 980 987 1045 καί
1006 979 1080 1056 τους
1103 978 1254 1064 θρόνους,
1276 973 1355 1062 ἁμὲ·

263 1103 328 1155 σως
355 1078 413 1144 καί
436 1083 599 1162 προσεχῶς
627 1080 845 1164 παριστάμενα
874 1084 919 1168 τῷ
949 1085 1036 1168 θεῷ,
1072 1081 1221 1164 δευτέραν
1239 1081 1276 1146 ot
1295 1080 1354 1163 τὴν

263 1180 327 1244 τῶν
348 1175 541 1264 κυριοτὴτων
560 1178 615 1242 καί
632 1183 696 1261 τῶν
716 1179 884 1262 δυνάμεων
906 1183 962 1244 καί
980 1183 1040 1245 τῶν
1056 1183 1224 1260 ἐξουσιῶν,
1242 1181 1353 1264 τρίτην

264 1282 302 1344 δὲ
322 1278 379 1342 καί
400 1276 586 1343 τελευταίαν
605 1278 665 1363 την
684 1284 748 1344 τῶν
768 1280 879 1362 ἀργῶν
894 1283 949 1345 καί
964 1277 1168 1364 ’ἄρχαγγὲλων
1187 1277 1242 1342 καί
1260 1281 1353 1360 ἄγγε’-

263 1385 337 1448 toa.
387 1377 424 1443 τὸ
454 1384 563 1459 μέντοι
586 1381 620 1443 ἐν
653 1379 762 1456 αὐτοῖς
784 1376 921 1444 ίίστατον
940 1375 1064 1462 τάγμα,
1084 1378 1127 1454 οἱς
1146 1381 1404 1463 προείρηται,ω

264 1479 355 1554 ἰδίως
375 1471 501 1561 ἄγγελοι
522 1484 663 1542 καλεῖται
685 1474 729 1553 ὥς
748 1475 806 1554 τὰς
820 1481 913 1555 θείας
928 1477 1137 1564 ἑιιφαυτορίας
1149 1479 1298 1560 α’γγέλλον
1318 1499 1352 1540 τε

264 1578 325 1642 καί.
340 1578 526 1660 διαβιβάζον
543 1574 623 1660 πρὸς
644 1578 737 1662 ἡμᾶς.
785 1581 841 1664 τῆς
861 1580 1009 1662 τοιαύτης
1029 1580 1065 1641 δὲ
1086 1571 1249 1660 ἀγγελικῆς
1271 1579 1352 1640 ε’σω·

183 1689 211 1742 P.
222 1706 253 1759 77
263 1676 379 1755 νομίας
397 1677 453 1739 καί
481 1678 581 1740 πᾶσαι
601 1674 635 1740 αἱ
656 1679 767 1761 νοεραί
782 1676 896 1764 φυσεις
916 1678 1063 1761 η’ξίωνται
1086 1676 1139 1740 διὰ
1163 1674 1198 1740 τὸ
1221 1673 1352 1757 πρώτως

262 1775 371 1850 adroic
391 1772 570 1857 ἐγγίνεσθαι
592 1773 649 1859 την
668 1774 845 1860 θεαρχυιὴν
857 1775 1031 1860 silicernus,
1050 1777 1105 1840 καί
1127 1769 1209 1838 οὕτω
1230 1777 1271 1838 δι’
1289 1763 1383 1837 osi-'⁵'

261 1876 328 1938 τῶν
350 1876 397 1948 εἰς
420 1873 505 1956 ἡμᾶς
525 1875 821 1959 διαπορθμείεσθαι
840 1873 899 1952 τοῖς
917 1877 999 1960 ὑπὲρ
1018 1876 1101 1959 ἡμᾶς
1121 1876 1349 1960 ὲκφαντορίας·
1363 1877 1403 1940 15

134 1996 144 2015 ⁸
223 2004 229 2036 ι
261 1976 317 2038 καί
335 1971 353 2039 ὅ
370 1973 466 2055 νόμος
483 1973 546 2060 γάρ
568 1972 665 2052 αὖτίς
687 1978 728 2040 δι’
748 1977 889 2060 ἀγγέλων
908 1977 985 2061 ἡμῖν
1008 1974 1181 2060 ἐδωρήθη,
1202 1974 1258 2040 ιιαί
1276 1975 1350 2052 τούς

260 2072 403 2150 eletensis
426 2072 479 2139 καί
494 2073 555 2161 nno*
570 2076 669 2157 νόμου
689 2076 745 2140 καί
764 2074 843 2157 μετά
864 2075 960 2158 νόμον
974 2081 1114 2159 πατέρας
1126 2067 1251 2158 ἄγγελοι
1270 2073 1350 2156 πρός

260 2169 295 2237 ssi
318 2177 408 2238 θεῖον
426 2173 559 2256 ἀνῆγον·
603 2179 660 2239 καί
679 2174 740 2261 γὰρ
764 2174 819 2240 διὰ
840 2172 893 2242 τὸν
913 2179 1039 2260 πρῶτον
1058 2177 1097 2241 τὰ
1119 2173 1251 2257 ὄείτερα
1271 2171 1350 2255 unde

175 2269 295 2344 moro*
317 2276 405 2337 θεῖον
434 2271 615 2356 ἀνάγονται,
665 2276 705 2340 osi
722 2272 820 2364 μόνον
844 2279 880 2340 δὲ
905 2273 938 2340 αἱ
960 2273 1035 2358 περί
1053 2275 1136 2360 ἡμᾶς
1156 2273 1266 2358 νοεραί
1286 2273 1349 2358 φύ-

260 2393 328 2448 σεις
363 2371 459 2454 είσίν,
489 2372 570 2437 ἀλλὰ
601 2372 657 2438 καί
686 2377 722 2440 ἐν
741 2373 856 2449 edente
877 2383 948 2450 ταῖς
970 2369 1154 2458 ὁμοταγίσιν
1172 2371 1402 2458 ίεραργίαιςτο

224 2477 230 2485 ’
260 2474 385 2556 ιιροῖται
404 2475 462 2536 καί
478 2478 575 2555 μέσαι
595 2478 651 2539 καί
672 2481 851 2542 τελευταῖαι
873 2474 977 2551 τάξεις
998 2474 1079 2554 είσί,
1101 2473 1157 2537 καί
1174 2479 1237 2539 sois
1255 2469 1349 2558 ἦττό.
1390 2481 1397 2495 ’

259 2592 323 2635 νων
356 2569 386 2635 oi
408 2571 565 2658 θειότεραι
599 2574 793 2659 γειραγωγοί
810 2577 866 2640 ἑτιί
882 2571 939 2660 τὴν
958 2576 1050 2640 θείαν
1071 2570 1277 2657 προσαγωγὴν
1296 2571 1350 2635 καί

332 2737 371 2790 sil.
387 2739 445 2791 τᾶν
463 2737 607 2808 nudarer?

260 2905 329 2952 mus,
348 2888 446 2942 beatus
464 2891 513 2941 ille
531 2891 630 2944 Paulus
648 2892 742 2956 novit,
763 2895 869 2966 qni-eit
886 2893 995 2966 (Eplres.
1018 2912 1026 2948 t
1048 2895 1093 2968 as)
1111 2893 1252 2959 „consedit
1270 2893 1348 2946 Chri-

260 2967 319 3010 stus
345 2975 425 3028 snpra
455 2979 561 3013 ornnem
587 2966 790 3034 principatum,
821 2967 983 3036 imperium,
1010 2975 1184 3036 potestatem,
1213 2979 1349 3036 omneque

259 3045 361 3080 nomen
385 3029 460 3100 qnod
490 3033 579 3084 verbis
611 3037 787 3104 exprimitur,
815 3054 871 3089 non
889 3039 976 3089 solnm
998 3039 1025 3088 in
1046 3037 1096 3087 lsnc
1116 3053 1181 3088 aero
1199 3035 1247 3087 sed
1267 3037 1349 3086 etiam

259 3099 376 3150 sutuross’
403 3110 540 3156 caeterum
567 3105 699 3158 iudicatos
724 3108 806 3158 lansce
831 3125 927 3159 novena
955 3109 1065 3160 ordines
1082 3108 1230 3174 Dionysius
1248 3109 1276 3158 in
1294 3114 1349 3159 tres

261 3168 458 3238 descriptiones
479 3176 631 3247 gradusque
649 3177 805 3242 distribuit,
824 3195 938 3250 quorum
956 3181 1042 3248 primo
1060 3180 1251 3229 contineantur
1271 3177 1349 3228 Sera-

260 3239 310 3310 phi
333 3241 452 3295 Cherubi
478 3246 585 3312 throni,
611 3250 658 3318 qui
686 3249 797 3318 quidem
821 3251 887 3300 citra
917 3251 1034 3300 medium
1067 3250 1153 3300 ullum
1173 3258 1201 3301 et
1221 3249 1350 3300 continuo

261 3309 397 3364 adsistant
414 3314 479 3380 ‹leo;
509 3318 627 3370 secando
653 3319 809 3372 dominatur
829 3329 976 3389 potestates
996 3321 1116 3390 imperia,
1135 3322 1216 3371 tertio
1236 3327 1263 3370 et
1283 3319 1347 3370 nlti-

263 3398 310 3434 mo
326 3385 494 3454 principatus
508 3388 662 3458 archangeli
682 3393 779 3459 angeli.
795 3392 889 3442 hurum
909 3391 1017 3442 [altimus
1029 3390 1104 3454 urdo,
1123 3389 1350 3459 quemadmodum

263 3461 293 3504 et
309 3455 385 3522 prius
412 3454 589 3522 dictumest,
622 3463 760 3530 peculiare
779 3479 877 3513 nonren
900 3463 1055 3528 angelorum
1074 3461 1172 3524 habet,
1192 3471 1222 3513 ut
1240 3462 1287 3530 qui
1307 3476 1350 3511 re-

263 3541 323 3574 rnm
348 3523 499 3579 divinarum
522 3531 760 3600 interpretationes
785 3533 864 3584 uobis
882 3541 1020 3602 exponant
1037 3541 1065 3584 et
1082 3533 1115 3583 ud
1135 3547 1184 3584 nos
1204 3531 1351 3602 perierant.

263 3611 418 3664 quanquam
444 3597 513 3650 haec
536 3599 630 3652 eadem
663 3605 819 3672 angelornm
848 3605 995 3674 appellatio
1014 3605 1118 3655 cunctis
1147 3605 1227 3654 etiam
1245 3601 1351 3653 naturis

263 3664 472 3719 intelteesilibus
484 3670 622 3736 tribuitur,
641 3679 714 3742 qnod
726 3675 801 3744 ipsae
817 3677 903 3744 primu
922 3675 981 3724 loco
1002 3673 1130 3725 (livinitus
1148 3675 1352 3734 collustrantur,

264 3742 347 3805 atque
366 3738 403 3788 ita
424 3737 552 3810 deinceps
570 3761 619 3864 per
633 3746 704 3813 ipsas
726 3744 760 3799 ad
779 3762 828 3796 nos
848 3762 957 3815 qnoque
976 3762 1064 3796 rerum
1084 3745 1235 3797 divinarum
1253 3757 1350 3793 arcane

263 3809 431 3876 perveniunt.
452 3813 554 3881 quippe
585 3831 617 3865 ex
635 3816 693 3886 ipsa
710 3833 760 3886 per
779 3817 888 3884 angelos
908 3815 989 3867 uobis
1009 3815 1071 3867 data
1091 3823 1146 3880 est;
1163 3817 1284 3884 itemque
1301 3829 1351 3881 pa-

264 3885 320 3928 tres
346 3879 408 3930 illos
436 3880 555 3935 illustres
586 3895 638 3936 tam
667 3896 729 3938 ante
756 3905 837 3958 qnam
855 3895 918 3956 post
941 3888 1026 3956 legem
1045 3887 1239 3956 promulgatam
1261 3883 1350 3951 augeli

265 3947 388 4002 divinum
408 3949 442 4000 ed
461 3969 561 4006 numen
582 3955 778 4008 subvelrebunt.
796 3975 856 4008 narn
874 3959 1025 4028 perprimo
1044 3975 1146 4010 sursum
1165 3957 1302 4007 ducuntur
1318 3971 1350 4004 ea

265 4035 336 4139 τηοσε
355 4019 449 4072 ordine
468 4025 584 4076 secunda
603 4036 674 4078 sunt.
694 4043 783 4098 neque
804 4037 908 4080 tautum
927 4017 1006 4098 supra
1024 4047 1074 4080 nos
1094 4037 1157 4080 srsnt
1175 4025 1351 4078 intellectiles

265 4089 332 4141 ilae
356 4099 484 4158 naturae,
510 4097 557 4146 sed
589 4098 669 4148 etiarn
695 4100 723 4148 in
753 4099 818 4168 ipsis
852 4099 906 4150 illis
936 4101 1111 4169 caeteroquin
1138 4099 1233 4149 endem
1254 4095 1351 4148 urdine

266 4161 465 4230 comprehensis
483 4168 564 4218 sacris
585 4168 780 4238 principatibus
797 4169 877 4238 primi
896 4169 1004 4242 quidam
1023 4171 1119 4238 gradus
1138 4179 1202 4220 sunt
1220 4175 1249 4220 et
1265 4165 1351 4218 medii

267 4238 296 4280 et
314 4233 412 4286 ultimi.
434 4236 515 4288 simul
534 4237 692 4292 interiorum
710 4239 793 4294 duces
811 4248 875 4296 sunt
893 4241 942 4294 elii
960 4239 1124 4306 diviniores,
1142 4239 1178 4292 erl
1196 4239 1351 4310 percipien-
