3000 4859
296 319 351 405 82
628 338 843 402 incantus
872 333 1034 400 curcua

293 492 504 578 λγκυμονῆσαι
531 484 588 571 τὴν
609 482 780 570 σάναγνον,
811 480 963 568 πρότερον
987 481 1068 568 αύτῇ
1087 479 1265 571 πνεύματος,
1280 475 1376 557 ἇγίον

293 589 530 663 ἔπισκιάσαντος
551 585 607 650 καί
632 588 690 651 τού
712 587 824 666 κυρίου
848 580 926 646 κατά
947 579 1002 647 τὸν
1023 575 1186 664 προφήτην
1205 573 1268 640 άπὸ
1293 577 1376 676 Qut:

293 691 358 773 μὰν
377 683 531 771 ἥξαντος,
551 684 625 766 μηδ’
645 678 726 760 ὅλοις
750 681 872 745 άπίστει
892 682 936 767 τῷ
957 678 1125 777 πράγρατι,
1148 671 1207 740 κάν
1227 676 1308 757 μέγα
1329 698 1374 762 τρι
1388 717 1405 732 .

211 811 239 864 Ρ,
250 811 284 878 43
293 783 361 854 ὄντι
385 789 474 850 δοκεῖ
486 783 541 845 καί
555 782 749 866 παράδοξον·
790 778 845 844 ἐπί
862 777 922 862 γάρ
944 774 1043 866 τούτῳ
1058 775 1113 841 καί
1132 775 1254 859 ἤπαρά
1274 775 1376 861 φύσιν

291 890 354 952 τῶν
383 886 492 968 γυποῑν
521 880 677 966 κυοφορία
705 877 897 958 θαυμασιλυς
928 873 1012 940 οὕτω
1032 879 1077 964 τῷ
1095 879 1161 964 θεῷ
1181 875 1408 960 προητοίμα-’ὄ

291 1009 374 1052 σται.
423 984 548 1063 λέγεται
560 976 621 1061 γάρ
643 973 690 1040 ὅτι
709 973 874 1059 γενόμενος
896 973 1004 1058 ἔγκυος
1026 974 1042 1036 ά
1062 973 1131 1057 γύψ
1141 971 1309 1058 πορεύεται
1329 974 1378 1046 εἰς

290 1084 351 1167 τὴν
370 1079 522 1162 Ἰνδικήν,
544 1076 599 1140 καί
621 1072 728 1157 λαβών
748 1077 840 1139 λιθον
859 1074 894 1139 τά
917 1074 1113 1154 καλούμενον
1133 1071 1275 1138 εύτόκιον
1296 1069 1378 1137 tmi-

290 1207 336 1248 νον
358 1180 460 1244 αύτού
480 1175 615 1260 κάθηται
632 1169 842 1256 συνεχόμενος
875 1175 983 1255 durat,
1008 1171 1064 1236 καί
1082 1169 1182 1248 οὕτως
1202 1172 1378 1236 ἀποτίνετον.

292 1278 310 1341 ὁ
332 1282 438 1359 μέντοι
468 1278 557 1349 λίθος
591 1270 765 1358 περιφερὴς
793 1271 837 1347 ὥς
861 1270 999 1355 κάρυον,
1025 1274 1081 1338 καί
1097 1270 1280 1353 κινούμενος
1296 1261 1380 1355 ἦχον

282 1378 444 1456 «ἐκπέμπει
463 1373 507 1448 ὥς
527 1369 656 1451 uritur,
683 1367 812 1434 ἔνδοθεν
832 1366 941 1454 ἑτέρου
963 1375 1056 1435 λίθου
1076 1374 1270 1452 κινουμένου.
1311 1394 1379 1454 φα·-
1395 1398 1438 1438 ro

292 1479 328 1540 οἰ
351 1477 386 1538 δὲ
405 1475 461 1539 καί
477 1474 569 1536 τούτο
590 1472 665 1554 περί
682 1467 796 1551 γυπός,
816 1464 863 1533 ὅτι
882 1470 975 1560 μύριρ
996 1470 1110 1558 ῥοδιλιιγ
1128 1473 1275 1556 χρισθείς
1296 1468 1379 1535 ἄπο·

292 1574 431 1658 θνήσκει.

380 1670 565 1751 Θαυμάσειε
603 1670 634 1732 δ’
661 1663 701 1732 dv
718 1693 766 1744 τις
794 1668 849 1733 καί
866 1667 900 1733 τὸ
918 1672 979 1733 τάν
1006 1663 1147 1752 κοράκων
1175 1671 1238 1733 τοῖν
1267 1668 1384 1750 διαλη-

250 1763 440 1858 'Bucinna
459 1763 518 1832 ούκ
538 1765 679 1834 ἔλασσον.
699 1766 880 1832 πεπύνθασί
888 1792 919 1832 τι
932 1766 1033 1858 πάθος
1048 1763 1116 1854 άρρ
1136 1771 1255 1849 θέρους
1272 1765 1302 1830 οἱ
1325 1764 1382 1828 κό-

295 1891 405 1954 ρακες,
436 1866 471 1933 τύ
501 1867 661 1962 δὲῆπιίθος
684 1869 752 1931 ἐστι’
781 1863 873 1952 ῥύσις
892 1864 1034 1952 γαστρός.
1076 1868 1223 1930 ἐντεῦθεν
1241 1869 1384 1945 ποταμοί
1398 1869 1439 1933 15

293 1967 350 2031 καί
368 1965 466 2050 πηγαὶ
486 1964 541 2030 καί
559 1970 668 2047 λίμναι
695 1968 789 2030 ου’άέν
807 1990 839 2029 τι
857 1969 967 2050 χρῆμα
987 1962 1066 2028 κατά
1090 1989 1124 2048 γε
1146 1962 1179 2029 τὸ
1201 1967 1295 2047 θέρος
1314 1973 1384 2039 τοῖς

294 2064 437 2149 κόραξιν,
459 2064 511 2130 ἵνα
530 2065 574 2148 μὴ
595 2069 642 2153 τῷ
658 2061 741 2152 itti
762 2065 782 2148 ἦ
805 2068 862 2149 τῆς
887 2063 1021 2148 γαστρὸς
1044 2051 1132 2148 ῥύσις
1153 2067 1246 2146 σχοίη
1270 2061 1385 2126 ἐπίτα-

295 2189 358 2230 σιν.
401 2161 491 2230 ίσασι
509 2169 615 2228 τοίνυν
633 2163 689 2227 καί
709 2164 832 2248 διαίτης
849 2165 961 2245 τέχνην
980 2161 1009 2226 οὶ
1029 2163 1160 2245 κόρακες
1167 2212 1177 2242 ,
1199 2162 1238 2224 ού
1257 2161 1296 2227 τά
1313 2161 1384 2227 ‘ln-

296 2260 471 2348 ποκράτους
488 2264 733 2343 παιδευθέντες,
754 2263 793 2325 ου’
816 2259 855 2326 τά
877 2265 1056 2345 Χείρωνος,
1080 2262 1120 2324 ου’
1139 2260 1178 2325 τά
1202 2257 1384 2343 Μαχάονος

296 2359 471 2450 φάρμακα,
493 2363 665 2427 κάντεύθεν
683 2365 744 2442 μὲν
765 2358 864 2441 ὃροῖσι
884 2359 1060 2440 ποταμούς,
1083 2353 1151 2424 ἀλλ’
1171 2355 1260 2442 ὅμως
1280 2363 1384 2427 πίνειν
1396 2381 1442 2422 ao

296 2464 426 2536 ἐκείνοις
445 2462 504 2524 ούκ
524 2457 664 2541 ἔνεστιν,
682 2461 758 2523 ἀλλ’
789 2454 841 2525 οἷα
868 2456 1020 2525 Τάνταλοι
1042 2457 1385 2546 κολαζόμενονιλριμυ-

296 2562 394 2645 κάρον
417 2559 506 2643 δίκην
540 2560 642 2622 ταῦτα
670 2555 919 2642 εἰσπράττονται.

299 2809 437 2880 gravidam
464 2805 549 2858 iniere
570 2807 689 2873 factum,
711 2824 772 2859 cum
794 2808 870 2928 friat
888 2823 948 2859 eam
971 2814 1079 2861 canctus
1097 2807 1147 2860 illo
1164 2809 1274 2879 spiritur
1291 2810 1385 2864 inum-

298 2881 405 2933 brareet
421 2894 453 2928 ac
479 2876 617 2940 dominus,
640 2879 682 2930 uti
696 2886 770 2930 rates
807 2879 936 2950 oquitur,
954 2878 988 2930 de
1008 2878 1162 2931 Thaumane
1178 2883 1313 2944 venisset,
1332 2901 1386 2934 ne-

300 2965 436 3021 quaquam
454 2946 518 2999 huic
534 2949 573 2999 rei
590 2949 671 3000 fidem
690 2949 835 3018 derogato,
860 2950 965 3001 tametsi
992 2965 1085 3019 reapre
1102 2967 1197 3018 mugna
1213 2951 1337 3004 videatur
1355 2963 1388 3006 et

301 3021 335 3072 ab
354 3019 482 3088 opinione
500 3019 639 3070 hominurn
658 3018 814 3072 abhorrent.
835 3023 898 3071 nani
916 3035 948 3070 en
966 3018 1001 3071 dc
1019 3037 1098 3072 cauta
1116 3021 1253 3074 vulturum
1270 3039 1387 3092 quoque

300 3089 443 3158 conceptio
461 3097 516 3141 tarn
542 3089 736 3142 admirabiliter
755 3090 836 3141 adeo
861 3098 903 3141 eti
918 3091 1050 3142 instituta.
1068 3090 1186 3142 traditur
1216 3102 1306 3143 autem
1323 3109 1388 3144 ruo-

185 3186 189 3190 ·
299 3161 437 3213 numentit
455 3160 607 3212 litterarum
624 3162 776 3224 vulturem,
792 3169 969 3231 posteaquam
989 3162 1152 3230 conceperit,
1170 3163 1199 3212 in
1216 3163 1319 3214 indiam
1339 3179 1389 3216 ae-

300 3247 330 3282 ae
352 3231 489 3294 conferre,
510 3241 674 3301 nactumquc
690 3231 825 3301 lapidem,
842 3247 922 3301 quern
942 3249 957 3282 a
977 3231 1107 3284 facilitate
1123 3240 1216 3300 partun
1235 3249 1314 3302 quern
1334 3233 1391 3284 ad-

301 3303 376 3353 iurat
400 3301 541 3352 Eutocium
569 3311 685 3365 vocant,
709 3303 739 3352 in
758 3318 790 3354 eo
817 3317 845 3358 ae
864 3302 1030 3370 porturigine
1048 3309 1172 3355 vexatum
1189 3304 1323 3354 collocare
1341 3313 1389 3356 at-

301 3386 357 3440 que
374 3371 424 3422 iilo
444 3371 525 3423 modo
554 3388 657 3440 parere.
682 3372 753 3441 inpie
777 3373 836 3442 ipro
854 3371 985 3422 rotundus
1012 3380 1066 3436 ert,
1085 3373 1223 3424 avellanae
1241 3375 1318 3426 nucir
1339 3375 1388 3424 in-

301 3449 373 3503 star,
393 3449 421 3492 ct
440 3457 580 3493 succursui
599 3444 628 3493 in
644 3457 745 3493 morem
764 3441 923 3494 tintinabuii
940 3459 1035 3492 sonum
1055 3441 1120 3506 edit,
1140 3451 1215 3494 moto
1235 3443 1307 3496 intur
1326 3444 1390 3496 atio

300 3509 401 3580 lapide.
419 3510 579 3578 perhibetur
588 3511 641 3564 hoc
659 3514 741 3564 etiarn
759 3510 930 3575 domitore,
948 3511 1022 3581 quod
1042 3523 1179 3581 unguento
1197 3529 1307 3566 τοιιιοοο
1319 3531 1391 3583 per-

303 3588 401 3633 unctus
417 3582 553 3632 moriatur.

371 3651 413 3702 De
433 3651 519 3702 corvio
540 3667 650 3722 quoque
673 3668 729 3703 non
759 3649 806 3702 abr
826 3665 855 3701 re
873 3651 934 3720 quir
951 3651 1077 3716 miretur,
1096 3653 1170 3724 quod
1189 3652 1320 3705 hactenus
1340 3655 1392 3706 in.

303 3721 400 3773 dicatio
419 3737 475 3772 non
494 3729 534 3773 est
552 3723 673 3773 inierint.
695 3722 797 3772 aestivo
815 3728 939 3790 tempore
963 3723 1034 3773 corvi
1055 3723 1173 3793 quodum
1192 3723 1285 3774 morbo
1304 3723 1393 3775 labo-

303 3800 372 3844 rant.
385 3791 408 3843 ir
420 3789 528 3842 morbur
539 3793 639 3843 ventris
651 3799 693 3842 cat
703 3791 872 3861 profluvium.
892 3791 1066 3860 quamobrem
1084 3794 1159 3846 fluvii
1182 3794 1271 3845 fontes
1289 3802 1394 3862 stagna

302 3879 352 3931 per
381 3869 511 3913 aestatem
536 3861 606 3911 nuiii
630 3869 694 3913 runt
719 3862 804 3912 corvin
833 3861 910 3926 usui,
937 3877 972 3913 nc
990 3879 1038 3932 per
1058 3863 1196 3916 humorem
1213 3865 1314 3915 ventris
1336 3865 1394 3917 itta

302 3931 386 3984 fluxio
405 3933 487 4000 magis
504 3932 585 3981 etiarn
603 3930 777 4000 adaugeatur.
794 3930 828 3982 de
847 3948 901 4002 quo
920 3933 1194 4003 scilicetintetligttur
1211 3936 1292 3985 etiam
1306 3934 1397 3986 diae-

302 4011 347 4054 tao
368 4003 498 4054 rationem
515 4001 567 4052 cibi
590 4003 794 4053 convenientem
814 4018 907 4054 corvos
930 4019 985 4055 non
1003 4005 1140 4072 ignorare,
1160 4021 1312 4074 quanquam
1334 4021 1397 4059 nce

303 4071 473 4142 Hippocratis
496 4088 547 4123 nec
566 4069 692 4123 Chironia
713 4088 765 4124 neo
782 4071 938 4126 Machaonio
965 4073 1083 4126 remedio
1109 4074 1239 4127 discendo
1256 4085 1397 4144 percepta

303 4152 422 4195 teneant
446 4142 544 4194 iccirco
564 4141 658 4193 duvios
675 4142 788 4213 quidem
808 4144 964 4208 intuentur,
982 4144 1028 4195 red
1048 4145 1154 4198 haurire
1171 4145 1205 4196 de
1225 4145 1258 4196 iio
1278 4161 1396 4214 neque-

304 4222 363 4278 unt,
375 4229 535 4286 gravemque
545 4211 616 4266 hanc
627 4211 697 4266 adeo
709 4229 826 4286 poenam
838 4215 927 4278 luunt,
939 4217 1017 4286 queri
1024 4215 1132 4268 Tantali
1144 4215 1255 4287 quidum
1266 4214 1396 4270 multati.
