3000 4859
287 288 346 392 dfi
621 245 842 373 uscsusnns
871 299 1038 369 cuncus:

372 462 444 527 Καί
461 461 579 545 κυρίως
598 452 741 535 ἔκλειψις
757 454 806 520 ἐπ’
832 452 929 540 αὸτὴς
947 448 988 519 άν
1006 454 1125 536 λίνοιτο
1147 454 1204 538 τὴς
1223 452 1376 539 σελὴνης·

290 556 339 629 ὸτι
357 561 419 645 γάρ
437 562 507 646 φιὸς
527 552 658 639 ἡλιακὸν
683 554 914 640 α’μφιάννυται,
941 555 1034 618 τοὸτο
1055 550 1151 618 πάλιν
1171 554 1213 615 δι’
1234 552 1274 636 ἡν
1294 555 1381 617 αἰτι·
1483 633 1484 638 ¹

291 686 330 725 αν
351 658 497 740 εἴπομεν,
520 651 721 724 α’πεκδάεται.
743 655 798 718 ίπί
816 655 853 718 dd
875 655 933 717 τοιῖ
953 652 1045 738 ἡλίου
1067 650 1125 715 odos
1145 648 1288 734 ἔκλειψιν
1309 653 1381 717 ἀλλ’

290 758 498 827 τ’πισκὸτωσιν
517 757 618 836 λέγειν
638 751 813 834 ἐμάθομεν.
855 750 931 817 odos
948 748 1010 837 γάρ
1029 748 1065 817 τὸ
1088 749 1219 835 ἡλιακὸν
1241 750 1382 832 ἐκλείψει

290 862 364 924 ποτὲ
385 859 475 943 φάς·
519 854 589 921 ἀλλ’
608 852 832 937 ὑποτρέχοντος
851 853 886 916 ἐν
906 853 949 939 τῷ
970 855 1026 936 τῆς
1043 849 1180 917 συνόδου
1201 853 1302 939 καιρρλ
1322 854 1412 921 τοῦδ

289 957 435 1039 σώματος
467 957 526 1020 τοῦ
557 954 723 1038 σεληναίου
755 946 809 1019 σία
828 953 1062 1037 περιγειοτίροο
1082 948 1307 1035 τυγχάνοντος,
1326 951 1385 1015 καί

290 1053 373 1121 οὕτω
392 1064 463 1133 ταῖς
484 1054 626 1135 ἡλιακαῖς
651 1046 775 1117 άκτῖσιν
792 1051 1075 1137 ἐπιπροσθοῦντα,
1098 1048 1116 1115 ὸ
1138 1049 1220 1133 ὑπὲρ
1242 1052 1384 1136 κεφαλῆς

290 1152 382 1243 ἡμῶν
402 1153 464 1241 α’ἡρ
488 1152 574 1242 ζόφῳ
598 1154 768 1236 τηνικαῦτα
788 1145 1083 1233 καθυποβάλλεται,
1104 1144 1160 1215 άτε
1183 1150 1222 1234 δὴ
1244 1146 1288 1232 μὴ
1302 1152 1384 1231 dui.-

266 1258 434 1335 Βλομίνων
455 1254 562 1318 αάτοὸν
575 1249 720 1317 κάτωθεν
740 1249 797 1315 καί
815 1251 1024 1337 φωτιζουσάν
1046 1246 1083 1313 τὸ
1105 1250 1273 1333 περίγειον.

213 1367 244 1420 V.
258 1381 288 1433 ¹9
377 1356 419 1419 Εί
436 1354 471 1417 δὲ
495 1351 550 1417 καί
569 1352 663 1416 τοῦτο
685 1352 788 1434 ζητεῖς
805 1346 888 1429 μετά
908 1353 971 1414 τάν
993 1341 1099 1414 ἄλλων
1118 1352 1252 1431 μαθεῖν,
1272 1348 1341 1421 πυὸς
1360 1341 1382 1430 ἡ
1399 1373 1438 1416 so

295 1447 410 1535 σελὴνη
445 1449 527 1533 μάνη
551 1448 605 1514 καί
635 1451 695 1514 τίνι
714 1444 819 1537 τρόπῳ
838 1446 884 1531 μὴ
905 1452 1030 1531 σχοῦσα
1050 1450 1119 1535 φῶς
1140 1448 1281 1531 άρχὴθεν
1300 1441 1385 1509 ἴδιον

294 1554 329 1630 ἐξ
367 1547 457 1638 ἡλίου
476 1552 568 1613 τοῦτο
589 1548 783 1630 δανείζεται,
810 1550 931 1614 εἰδέναι
949 1546 1090 1634 ὀφείλεις
1110 1547 1155 1623 ὥς
1176 1546 1235 1610 osis
1254 1544 1385 1627 simoneis

294 1646 405 1736 ἑτέρου
441 1645 548 1734 φατὸς
577 1646 595 1710 ὸ
631 1644 823 1732 δημιουργὸς
851 1649 906 1712 καί
925 1650 1049 1730 κτίστης
1078 1646 1204 1712 πάντων
1229 1640 1306 1721 θεὸς
1324 1643 1385 1727 τὴν

294 1748 501 1827 καινοτομίαν
532 1742 651 1830 ταύτην
685 1744 881 1832 είσὴνεγκεν,
916 1748 986 1813 ἀλλ’
1006 1747 1058 1812 ἵνα
1081 1743 1205 1831 ῥυθμὸς
1224 1742 1279 1808 καί
1296 1741 1385 1820 τάξις

296 1849 411 1933 ἐνταθῇ
433 1847 473 1932 τῇ
495 1848 606 1927 κτίσει,
625 1846 704 1911 κατά
725 1869 762 1931 γε
785 1847 839 1912 τὸν
857 1846 1069 1931 Δαμασκηνὸν
1082 1844 1243 1929 Ἰωάννην,
1265 1836 1384 1926 άρχον-
1401 1847 1438 1911 ι5

296 1969 348 2022 τος
366 1944 421 2011 καί
435 1945 631 2029 ἀρχομένου,
651 1946 707 2009 καί
726 1944 782 2011 ἵνα
792 1946 1019 2027 παιδεοθοὸμεν
1038 1948 1073 2011 ἐκ
1091 1942 1202 2011 τοὸτου
1222 1944 1277 2007 καί
1294 1939 1387 2027 ἡμεῖς

296 2052 453 2111 κοινωνεῖν
474 2042 621 2135 άλλὴλοις
640 2046 696 2109 καί
714 2041 942 2126 μεταδιδόναι,
963 2043 1142 2128 άνακρίνειν
1161 2065 1198 2107 se
1216 2044 1280 2107 τάν
1300 2062 1389 2125 γινο-

296 2143 399 2226 μένων
420 2143 535 2227 μηδὲν,
556 2142 627 2207 ἀλλ’
645 2147 700 2211 ἐπί
718 2148 799 2209 πάσι
820 2148 923 2222 καλοῖς
942 2142 1189 2209 ὑποτάσσεσθαι

269 2265 291 2320 c
380 2240 475 2327 Πρὸς
494 2238 618 2319 τοάτοις
638 2244 673 2309 δὲ
694 2243 750 2307 καί
775 2240 880 2328 ἕτερον
899 2243 976 2326 ἡμῖν
993 2242 1187 2330 ὖπεμφαίνει
1207 2237 1389 2327 παράδοξον

296 2338 453 2428 ἡστλὴνη
487 2344 674 2409 ἐκλείπουσα
686 2392 697 2425 ,
727 2343 773 2420 αῖς
800 2341 817 2410 ὸ
844 2339 1008 2420 θειότατός
1037 2366 1135 2429 φησιν
1155 2335 1437 2416 Ἀναστάσιος·αο

297 2440 443 2527 καθάπερ
465 2439 526 2529 γάρ
548 2436 629 2528 αὕτη
651 2439 737 2534 ζὸφιρ
758 2442 991 2511 καθυποκιλιτει
1003 2436 1243 2527 μεσολαβσάσης
1255 2441 1311 2525 τὴς
1328 2440 1388 2523 γῆς

370 2713 406 2767 Et
431 2713 540 2784 proprie
569 2713 633 2765 luna
658 2710 775 2767 deficere
805 2714 920 2769 dicitur:
947 2730 1001 2786 qus
1021 2715 1093 2766 euim
1110 2715 1172 2765 luce
1190 2712 1271 2765 sotori
1289 2710 1388 2762 vestitu

302 2791 362 2848 est,
380 2800 412 2835 en
430 2784 465 2835 de
484 2799 563 2835 ταυτα
582 2794 785 2839 commemorata
801 2804 890 2839 rursus
909 2788 1018 2838 exuitur
1034 2793 1116 2855 utque
1134 2785 1273 2869 spoliatur.
1294 2782 1324 2832 in
1342 2797 1389 2831 so·

301 2855 330 2907 le
355 2871 411 2913 non
429 2854 579 2917 defectum,
606 2855 654 2907 sed
680 2856 898 2909 obscurationem
915 2856 1054 2928 appellere
1075 2854 1224 2907 didicimus.
1243 2869 1295 2904 nec
1315 2851 1394 2903 enim·

302 2924 351 2977 lux
372 2924 466 2977 soloris
495 2942 614 2995 unquam
645 2924 749 2981 deficit:
769 2928 817 2980 sed
841 2929 905 2999 quis
922 2930 1009 2981 coitus
1025 2927 1119 2979 horum
1133 2926 1250 2977 siderum
1267 2931 1390 2991 tempore

302 2996 397 3047 lunare
416 3012 529 3064 corpus,
548 2996 621 3067 quod
641 3005 729 3049 terrue
749 3000 864 3051 sicinius
889 3009 944 3063 est,
963 2997 1055 3050 medio
1074 3015 1103 3049 se
1121 2996 1251 3049 interiicit
1267 2993 1327 3045 ioco
1344 3009 1389 3043 rs-

304 3064 412 3139 diisque
429 3064 562 3118 solaribus
580 3068 683 3132 officit,
702 3076 748 3123 atr
765 3070 814 3121 ille
831 3086 912 3138 supro
931 3086 983 3123 nos
1002 3069 1119 3137 caligine
1138 3067 1254 3138 qundsm
1272 3063 1390 3116 involvi·
1439 3122 1445 3133 ι

303 3143 362 3199 tur,
387 3153 442 3187 non
471 3136 592 3191 demissis
616 3136 651 3191 ad
667 3156 717 3193 nos
734 3139 799 3193 ullis
816 3140 917 3204 tediis,
946 3140 994 3211 qui
1013 3148 1100 3193 tersae
1122 3138 1244 3209 proximu
1258 3135 1322 3187 luce
1340 3150 1391 3187 sue

303 3206 498 3260 collustrarent.

373 3276 477 3348 Quodsi
501 3279 582 3330 etium
608 3295 769 3349 cognoscere
796 3281 872 3352 cupis
889 3281 1045 3344 interulis,
1069 3280 1115 3353 qui
1134 3279 1182 3331 fist
1199 3287 1232 3330 ut
1248 3277 1314 3330 lune
1331 3274 1391 3329 sols

303 3346 390 3419 primo
409 3348 438 3399 in
468 3366 555 3401 rerum
581 3350 691 3403 exordio
711 3350 799 3404 lucem
817 3354 920 3405 nullasu
936 3353 1072 3421 proprium
1099 3358 1242 3402 consecute
1271 3362 1392 3400 commo-

304 3417 370 3470 dato
401 3436 459 3471 eam
482 3420 573 3473 ssoie
592 3422 696 3491 capiat,
719 3424 787 3475 sciro
806 3424 890 3477 debes
917 3440 974 3475 non
993 3422 1046 3474 hoc
1063 3427 1206 3491 propterea
1221 3435 1291 3471 novo
1310 3417 1391 3489 qussi

304 3488 422 3558 quodem
440 3507 514 3543 more
536 3491 635 3545 facturn
654 3492 804 3557 divinitus,
828 3493 904 3565 quod
933 3492 1027 3563 opifex
1047 3502 1076 3543 et
1092 3499 1199 3543 creatos
1219 3490 1268 3542 itte
1282 3491 1392 3541 univer·

305 3560 394 3613 sitatis
412 3558 490 3613 huius
505 3560 586 3614 aliam
602 3563 690 3617 lucem
708 3566 812 3616 nullom
829 3564 956 3625 heberet,
974 3563 1023 3615 sed
1040 3570 1098 3614 turn
1115 3561 1157 3614 uti
1175 3560 1344 3613 concinnitas
1362 3566 1392 3610 et

306 3629 373 3683 ordo
387 3631 496 3701 quidem
527 3634 621 3685 creetis
650 3633 806 3699 inderetur,
832 3633 1056 3706 quemadmodum
1072 3634 1253 3685 Damascenus
1279 3631 1328 3682 ille
1345 3631 1392 3681 Io-

306 3700 409 3753 hannes
425 3703 479 3767 sit,
496 3704 543 3773 qui
559 3704 625 3757 ordo
644 3706 716 3757 inter
731 3706 898 3774 superiorem
924 3712 952 3757 et
968 3704 1124 3758 interiorem
1140 3704 1314 3763 consisteret,
1331 3708 1392 3753 turn

306 3774 346 3823 uti
365 3790 414 3825 nos
441 3774 524 3827 etiam
544 3774 711 3827 erudiremur
738 3776 837 3829 debere
855 3792 904 3829 nos
922 3776 1038 3827 invicem
1055 3776 1124 3829 elios
1144 3792 1204 3827 eum
1221 3773 1282 3824 eliis
1299 3780 1394 3823 nostra

305 3844 516 3909 communicare,
534 3847 746 3917 necquicquam
766 3864 858 3899 eorum
871 3862 940 3916 quse
958 3846 1029 3899 flunt
1049 3846 1204 3919 scrupulose
1221 3843 1391 3914 perquirere,

307 3912 401 3965 sedin
421 3915 544 3967 omnibus
563 3916 701 3985 praecluso
717 3926 823 3971 nosmet
842 3918 1014 3970 summittere.

377 3984 518 4039 Praetereo
535 3985 664 4056 quiddam
685 3987 762 4039 uliud
780 4004 890 4072 quoque
903 4004 1005 4042 novum
1020 3989 1102 4041 nobis
1119 3989 1184 4040 lune
1203 3984 1333 4037 deficiens
1349 3982 1395 4033 in-

309 4049 398 4116 dicnt,
426 4056 650 4124 quemadmodum
679 4058 720 4109 sir
747 4058 856 4111 divsnus
871 4060 1027 4113 Anastasius
1049 4057 1141 4113 trudit.
1164 4052 1396 4128 quemadmodum

309 4124 381 4175 enirn
402 4126 547 4179 ntenebsis
566 4128 613 4179 itta
632 4136 778 4197 occupetur
795 4128 831 4180 ob
848 4130 1016 4185 interiectam
1033 4139 1144 4191 terrem,
1161 4144 1230 4199 quse
1246 4125 1282 4178 sb
1300 4141 1332 4177 es
1352 4140 1396 4175 rs-

309 4193 369 4248 dios
388 4196 487 4249 solares
506 4199 617 4265 stertit,
636 4199 675 4253 sic
695 4201 778 4253 etism
795 4201 910 4255 ecclesis
927 4211 1040 4275 peccsto
1057 4200 1256 4257 interveniente
1274 4196 1396 4253 tenebris
