3000 4859
453 778 657 857 LABBEI
680 773 1031 855 Dumce'mo.
1075 803 1077 806 ’
1154 895 1158 902 ἡ

404 989 822 1057 EMINENTISSIMO
851 989 1083 1053 PRlNCIPl

270 1160 453 1258 IULIO
483 1158 836 1255 CARDINALI
864 1155 1216 1261 MAZARINO.

616 1364 866 1378 *tutuno—n*

195 1483 293 1580 Cum
312 1514 465 1580 redditam
494 1518 643 1602 Europae
665 1534 796 1603 pacem,
828 1521 923 1601 teque
954 1522 1085 1577 auctore
1114 1506 1238 1575 taudem
1257 1517 1291 1574 et
1363 1519 1367 1526 '

195 1624 307 1680 actore
346 1636 410 1678 uuo
444 1618 633 1703 perfectam,
673 1614 797 1679 ordines
835 1636 941 1678 omues
972 1614 1096 1677 summis
1127 1610 1292 1698 gratissimi

199 1716 294 1778 animi
312 1716 586 1800 significatioulbus
601 1724 848 1803 prosequuntur,
866 1714 1015 1799 Princeps
1035 1712 1292 1794 Eminentissime,

201 1824 266 1879 tum
294 1816 471 1879 litterarum
501 1826 546 1881 est
576 1814 854 1903 doctrinarumque
883 1816 1022 1879 omnium
1041 1814 1210 1899 proprium
1228 1812 1293 1876 hoe

199 1916 256 1978 sibi
275 1917 460 1979 beneficium
479 1916 700 1981 immortaliter
716 1917 910 2001 praedicare.
931 1924 964 1979 et
976 1924 1083 1979 auctos
1101 1923 1204 1978 tamen
1224 1912 1288 1977 hoc

198 2038 328 2079 munere
347 2017 468 2081 laborer
489 2016 664 2103 intelligunt
683 2038 772 2093 suos;
791 2017 968 2101 meritoque
999 2016 1142 2077 dubitant
1161 2013 1217 2102 qui
1234 2033 1289 2076 rc-

198 2116 352 2201 rpoudem
373 2117 435 2180 iam
463 2118 581 2181 meritis
604 2119 664 2180 tuis
683 2119 820 2203 possint,
844 2137 925 2201 quae
951 2130 991 2178 ue
1012 2116 1095 2177 inter
1113 2114 1194 2178 bella
1215 2112 1290 2199 qui.

199 2216 271 2279 dem
302 2216 443 2281 ornando
480 2218 538 2281 tibi
567 2240 654 2303 pares
687 2227 784 2282 eraut.
826 2216 880 2281 sed
908 2224 1091 2280 recreantur
1109 2223 1212 2279 tamen
1229 2214 1293 2278 hoc

199 2316 330 2387 solatio,
355 2318 443 2403 quod
462 2338 617 2382 noverum
637 2318 695 2381 sibi
712 2318 829 2381 virium
847 2316 978 2380 accessio
1007 2317 1089 2377 facta
1109 2323 1170 2394 est,
1191 2336 1295 2398 nequo

201 2418 263 2479 iam
283 2418 424 2480 iuGallia
443 2426 575 2495 tautum,
600 2418 653 2481 sed
677 2419 770 2481 etiam
795 2418 879 2501 apud
902 2423 1006 2500 gentes
1027 2422 1173 2494 caeteras,
1195 2412 1292 2500 quid-

204 2516 280 2602 quid
298 2516 415 2604 ubique
434 2517 611 2581 litteratum
630 2528 662 2582 et
681 2518 859 2601 lingularum
879 2524 940 2597 eet,
961 2517 1021 2578 tuis
1042 2514 1217 2600 praeconiis
1237 2534 1292 2576 re-

201 2618 329 2679 sonabit
351 2620 523 2707 cumcuim
541 2618 615 2681 belli
644 2628 788 2703 tempore
810 2614 929 2701 optime
949 2614 989 2680 ‹le
1009 2616 1121 2697 Gallia,
1142 2632 1227 2677 secus
1250 2611 1290 2677 (lo

201 2716 249 2779 Ιώ
263 2740 338 2803 quos
347 2718 450 2781 hoster
464 2729 643 2803 temporum
659 2719 805 2804 iniquitas
821 2718 948 2797 fecerat,
963 2718 1091 2781 meritus
1105 2736 1192 2794 essee,
1208 2734 1293 2777 nuuc
1422 2770 1426 2779 .

199 2819 334 2901 populos
355 2826 461 2881 omues
474 2840 633 2883 concessae
654 2820 738 2904 pacis
760 2840 890 2881 munere
911 2817 1081 2881 devinxisti.
1106 2814 1293 2878 admirabilis

201 2926 254 2979 tot
271 2940 401 2996 vocum,
422 2926 473 2980 tot
501 2918 694 2995 studiorum,
724 2928 776 2981 tot
795 2920 958 2981 nationum
977 2922 1144 2979 concentus
1165 2916 1291 2995 existet,

201 3019 320 3102 gloriae
340 3028 413 3082 tuae
443 3040 576 3105 suaeque
607 3020 746 3083 felicitati
769 3019 1006 3103 gratulantium
1038 3018 1070 3079 iu
1092 3034 1156 3101 qno
1176 3016 1293 3100 primes

201 3118 318 3182 cruditi
350 3119 521 3198 tenebunt,
563 3140 699 3207 quorum
732 3128 813 3181 artes
838 3118 935 3182 veluti
965 3118 1101 3181 alumnas
1132 3114 1294 3201 perpetuis

203 3218 368 3303 complecti
396 3220 553 3283 beneficiis
584 3239 620 3284 ae
649 3222 758 3283 lovere
787 3240 853 3283 uon
874 3239 977 3281 casus
999 3226 1124 3301 putere,
1145 3216 1300 3298 Princeps

202 3320 464 3401 Eminentissime,
492 3342 594 3384 meam
624 3340 752 3407 quoque
781 3318 815 3382 iu
845 3318 899 3381 illo
920 3327 1092 3395 concentu,
1113 3326 1166 3378 aut
1186 3316 1293 3400 potius

202 3420 354 3483 societatis
375 3429 501 3486 nostrae
520 3442 631 3485 vocem
651 3440 710 3507 per
731 3443 781 3484 me
812 3428 1026 3499 resonantem,
1047 3416 1168 3494 audiri,
1189 3433 1292 3501 neque

203 3520 265 3582 iam
285 3522 463 3585 communia
490 3522 542 3585 illa
572 3531 604 3585 et
623 3522 654 3583 in
684 3542 790 3584 omues
821 3541 924 3604 sparsa
955 3518 1091 3604 populos
1117 3516 1289 3589 leuticia,

200 3618 255 3681 aed
274 3619 462 3701 immortalia
480 3622 513 3687 iu
533 3644 589 3685 uos
601 3621 713 3686 merite
733 3620 960 3696 celebrantem
981 3619 1037 3705 qui
1057 3628 1089 3683 et
1106 3616 1208 3680 multis
1230 3616 1292 3679 inm

201 3718 324 3803 pridem
344 3722 403 3784 tibi
423 3722 713 3789 sumusuomiuihus
736 3722 894 3799 obstricti,
914 3729 948 3784 et
964 3742 1070 3783 rcceus
1091 3716 1168 3782 illud
1188 3738 1290 3803 quau.
1341 3781 1344 3788 ,

202 3840 297 3902 quam
317 3822 458 3885 omnium
479 3844 643 3885 commuue
659 3822 743 3907 pacis
761 3821 945 3884 beneficium
966 3820 1055 3895 uobis
1069 3817 1203 3904 proprie
1220 3817 1290 3879 col.

202 3918 298 3982 latum
321 3922 523 4005 agnoscimus.
567 3944 639 3987 cum
660 3922 743 3985 cuim
764 3921 897 3985 instituti
918 3922 1019 3985 nostri
1038 3920 1078 3983 sit
1098 3928 1131 3983 et
1149 3918 1287 4005 optima-

202 4038 273 4080 rum
306 4020 423 4084 artium
451 4020 623 4109 discipliuae
651 4020 822 4107 profiteri,
850 4044 985 4108 quarum
1016 4020 1124 4083 studiis
1146 4016 1224 4082 nibil
1244 4025 1291 4078 eat

201 4138 365 4183 umorum
384 4122 519 4207 strepitu
544 4123 698 4202 infestius,
719 4128 752 4186 et
775 4122 947 4187 excolendis
966 4120 1129 4183 hominum
1150 4116 1291 4179 mombus

203 4217 327 4283 studere
349 4220 625 4310 profliganducquo
645 4223 811 4307 impietati,
833 4244 914 4309 quac
934 4220 1089 4307 impunius
1109 4218 1192 4281 iuter
1209 4214 1291 4279 bella
