3000 4859
300 308 354 392 9²
640 303 855 370 nicaenus
883 303 1044 372 ennean

297 461 387 522 σαν.”
428 454 496 520 ἄλλ’
516 455 710 538 ἐπιπηδῶσιν
732 453 764 520 οἱ
783 457 964 536 Μανιχαῖοι
992 449 1157 530 κάνταῦθα
1167 498 1177 532 ,
1197 451 1306 534 ψυχην
1325 453 1377 516 ἓν·

296 559 435 631 τιθέντες
457 557 496 641 τῇ
516 555 569 640 γῇ
588 550 804 632 ματαιάζουσι
828 555 863 617 δὲ
884 552 1070 637 προφανῶς·
1114 547 1189 614 aaut
1207 547 1268 634 γάρ
1291 547 1377 614 irrer-

297 654 337 738 δη
359 651 444 721 εἶπεν
460 655 653 736 ,,έξαγαγέτω
675 651 785 734 ψυχήν
792 654 821 732 ,”’
843 649 878 714 τά
904 647 1139 729 ἔνοποκεέμενον
1159 641 1241 734 αάτῇ
1258 649 1393 731 ranem}-⁸

295 777 416 836 νεγκεν,
447 747 517 830 ἀλλ’
550 747 666 825 δδούς
687 750 724 814 τὸ
759 750 945 835 πρόσταγμα
976 747 1031 811 καὶ
1055 743 1113 830 την
1132 748 1193 809 τοῦ
1212 750 1375 829 ἐξαγαγεῖν

295 851 377 937 ου’τῇ
396 849 531 931 δύναμιν
552 852 733 933 έχορισιιτο.
777 843 850 911 οὔτε
870 846 930 931 γάρ
953 842 1005 910 δτι
1021 838 1153 929 ἤκουσεν
1172 842 1192 928 ἦ
1214 848 1254 928 γῆ
1273 849 1404 928 „iiic-5

293 947 437 1031 στησάτω
457 945 589 1030 βοτάνην
606 945 723 1030 χόρτου
742 946 799 1010 καί
818 942 910 1024 ’ξύλον
921 941 1077 1026 κάρπιμον
1095 946 1206 1008 ποιοῦν
1226 939 1375 1026 καρπόν,”

294 1049 505 1128 κεκρυμμένον
527 1042 645 1127 ἔχουσα
665 1045 718 1109 τὸν
738 1045 855 1128 χόρτον
874 1041 1051 1127 ἐξήνεγκεν,
1073 1044 1148 1106 ου’δὲ
1170 1039 1224 1105 τὸν
1245 1044 1374 1126 φοίνικα

292 1140 314 1228 ἢ
332 1144 387 1228 την
409 1146 486 1225 δρῦν
504 1137 525 1226 ἢ
546 1140 604 1228 τη“ν
622 1144 816 1228 κυπάρισσον
835 1141 919 1206 κάτω
938 1165 998 1204 που
1019 1143 1233 1224 κεκρυμμένην
1254 1141 1288 1202 έν
1305 1147 1375 1215 ταῖς

265 1242 405 1328 ςέουτῆς
426 1239 554 1325 λογάσιν
574 1244 668 1326 α’νῆκε
690 1241 769 1325 πρδς
789 1243 846 1325 την
865 1238 1066 1326 ἐπιφάνειαν,
1086 1233 1153 1302 ἀλλ’
1178 1237 1194 1302 o‘
1213 1243 1299 1312 θεῖος
1319 1237 1376 1302 λό·

291 1367 345 1426 γος
379 1338 476 1428 φάσις
501 1345 563 1406 ’τοῖν
597 1343 768 1422 γινομένων
797 1342 890 1409 ἐστίν.
940 1334 1044 1422 ἐξάγει
1068 1335 1177 1402 λοιπὸν
1209 1337 1288 1422 ἦγη
1310 1336 1428 1420 ου’χιο

292 1437 367 1525 ὅπερ
391 1440 474 1522 ἔχει,
496 1441 563 1502 ἀλλ’
588 1435 664 1523 ὅπερ
685 1438 823 1522 σήμερον
841 1441 970 1519 κτᾶται,
989 1439 1069 1502 θεοῦ
1089 1437 1290 1519 δωρουμένου
1315 1439 1375 1518 τῆς

290 1541 447 1621 ἐνεργείας
472 1535 528 1619 τη“ν
560 1536 704 1615 δύναμιν.
746 1540 777 1601 εἰ
805 1534 866 1619 γάρ
888 1538 945 1600 κατ’
963 1537 1087 1622 φυσικῷ
1106 1536 1186 1622 λογηῖ
1208 1529 1248 1597 τά
1268 1531 1374 1598 πάντα

288 1638 408 1719 γίνεται
427 1632 564 1719 σήμερον
575 1684 584 1714 ,
619 1635 686 1697 a‘ii'
707 1635 828 1699 ένεῖθεν
851 1634 1003 1718 ἐσχήκασι
1027 1637 1096 1698 κατ’
1116 1632 1219 1715 α’ρχοὶς
1235 1630 1292 1716 την
1312 1629 1373 1715 ὄρ.

287 1732 359 1817 μην.
407 1731 485 1797 κατά
506 1734 670 1797 τοῦτοκαὶ
691 1730 709 1794 o‘
730 1735 829 1816 μέγας
849 1735 1019 1808 Βασίλειος
1038 1734 1120 1814 λέγει
1141 1727 1190 1796 δτι
1208 1737 1295 1795 ποιεῖ
1310 1733 1372 1810 μὲν

286 1831 307 1914 ἦ
330 1835 427 1917 φύσις
448 1826 572 1896 ἅπαντα
591 1830 670 1894 κατά
692 1828 750 1914 την
771 1829 980 1909 α’κολουθιοιν,
1005 1832 1083 1920 θεέηι
1102 1831 1138 1896 δέ
1158 1830 1371 1913 προστάγματι
1385 1835 1423 1898 ι5

287 1931 340 1995 διά
360 1934 462 2014 πάσης
486 1932 629 2014 α’ρχηθεν
648 1931 817 2014 λαληθέντι
838 1934 894 2013 τῆς
911 1933 1049 2005 κτίσεως.

366 2031 483 2112 Ἕξάγει
502 2033 562 2111 μὲν
588 2025 645 2094 οὖν
666 2027 746 2094 κατά
767 2029 825 2114 την
848 2031 940 2113 ἕκτην
961 2023 1022 2092 άπὸ
1044 2029 1101 2114 τῆς
1121 2029 1176 2112 γῆς
1194 2025 1233 2094 τά
1258 2028 1371 2114 τετρά-

285 2132 377 2194 ποδυ.

366 2229 448 2294 Ἀλλ’
468 2228 609 2292 ἐνταῦθα
621 2228 755 2311 ξητῆσαι
775 2219 871 2308 άξιον,
892 2227 1049 2310 α’γατιητέ,
1071 2228 1154 2300 τίνος
1173 2227 1275 2302 ἓνεκεη
1291 2221 1370 2300 τούς

251 2331 342 2409 Βμὲν
360 2327 480 2409 ἰχθύας
506 2325 651 2411 εὐλογίας
684 2325 816 2410 η’ξέωσεν
845 2321 981 2407 ὃθεός,
1004 2321 1195 2402 αὐξάνεσθαι
1218 2325 1273 2387 καί
1289 2329 1422 2407 πλη-τα

282 2424 439 2490 θάνεσθοι
467 2423 584 2508 εἰπάν,
614 2423 671 2500 ἐπὶ,
698 2429 733 2490 δέ
769 2432 834 2500 τοῖς
851 2426 1014 2508 χερσαιόις
1038 2427 1130 2487 τοῦτο
1150 2416 1207 2484 urin
1227 2423 1368 2504 έποιήσε.

282 2527 336 2590 καί
362 2527 493 2608 λέγομεν
513 2519 562 2587 ὅτι
591 2523 645 2588 διά
668 2521 725 2607 τὴν
745 2521 800 2588 ἐπὶ
820 2527 865 2612 τῷ
887 2513 960 2609 ὄφει
979 2523 1047 2604 μετ’
1072 2521 1111 2585 ori
1133 2518 1213 2586 uniri
1233 2541 1366 2604 γενησο-

282 2829 365 2881 tam.’'
389 2825 535 2896 prosiliunt
558 2825 620 2877 heic
644 2833 736 2878 eontra
763 2843 812 2879 noe
830 2825 996 2891 Manichaei,
1016 2826 1064 2896 qui
1080 2833 1167 2879 terrae
1184 2825 1301 2878 animam
1319 2827 1366 2880 in-
1464 2844 1466 2858 ·

283 2901 359 2951 deant
376 2913 467 2947 verum
482 2896 624 2948 manifeste
643 2896 787 2966 desipiunt
807 2915 862 2949 non
887 2898 958 2948 enim
973 2907 1116 2966 propterea
1135 2896 1209 2966 qued
1227 2895 1296 2948 dixit
1313 2896 1365 2948 de-

282 2988 313 3020 ne
331 2967 413 3031 „edat
429 2967 560 3018 enimam”
586 2967 615 3018 id
633 2967 722 3020 edidit
747 2969 822 3038 qued
841 2977 900 3020 erut
918 2969 946 3019 in
966 2985 996 3020 ea
1015 2969 1092 3038 quati
1110 2968 1293 3019 reconditum:
1313 2967 1365 3020 ted

281 3038 435 3090 mandatum
452 3037 504 3088 hoc
520 3037 577 3089 vine
593 3047 676 3108 atque
693 3039 848 3090 fucultatem
866 3037 965 3090 edenti
983 3047 1071 3090 terrae
1090 3037 1260 3106 largiebatur.
1279 3039 1364 3108 quip-

280 3125 315 3178 pe
328 3125 387 3158 cunr
402 3107 490 3159 audiit
507 3116 578 3160 terre
598 3108 678 3178 (Gen.
701 3127 710 3160 1
733 3110 775 3178 ιο)
794 3110 900 3178 „pariat
917 3108 1014 3160 herbae
1035 3109 1190 3177 gramineae,
1207 3116 1236 3160 et
1252 3107 1364 3160 arboren

279 3179 447 3242 fructiferae,
472 3195 543 3248 quae
563 3180 679 3231 fructum
697 3179 811 3243 edant,”
828 3196 883 3231 non
901 3179 997 3231 iccirco
1018 3195 1125 3247 gramen
1141 3179 1214 3229 intus
1238 3177 1363 3230 abditum

277 3249 407 3318 protulit,
433 3265 485 3300 nec
509 3251 624 3319 palmam
650 3251 694 3302 vel
723 3267 851 3320 quercum
873 3251 918 3302 vel
941 3265 1096 3318 caprearum
1115 3249 1185 3299 intra
1205 3249 1280 3300 einua
1297 3265 1362 3302 eune

278 3319 439 3370 occultatam
470 3320 499 3370 in
531 3321 701 3389 euperficienn
729 3321 837 3374 eduxit:
863 3321 911 3372 aed
930 3321 988 3390 ipen
1014 3317 1165 3370 dei'orntiu
1186 3335 1362 3389 rerumquae

279 3390 399 3442 existunt
425 3390 482 3458 ipen
507 3399 604 3443 natura
618 3399 667 3441 eet
685 3393 778 3461 itaque
801 3400 900 3443 terram
928 3407 983 3442 non
1010 3389 1084 3459 quod
1107 3388 1264 3440 continebat
1289 3389 1363 3453 edit,

278 3459 327 3512 red
350 3458 425 3529 quod
451 3457 535 3510 hodie
559 3460 698 3528 possidet,
726 3462 858 3531 largiente
885 3462 1010 3514 nimirum
1035 3459 1087 3510 den
1105 3459 1157 3509 vim
1184 3459 1360 3512 efficacitatie.

279 3531 399 3600 quamvis
425 3530 496 3581 enim
526 3531 631 3582 ratione
652 3531 776 3597 ,naturali
806 3532 929 3583 oriuntur
958 3529 1040 3582 hodie
1070 3529 1175 3591 omnia,
1200 3538 1290 3580 temen
1316 3531 1362 3580 in.

279 3601 316 3653 ‹le
339 3600 459 3669 prosecta
482 3608 546 3652 eunt
570 3601 601 3651 in
630 3601 690 3670 ipro
718 3619 807 3654 rerum
837 3600 947 3652 exordio
972 3597 1118 3652 aecundurn
1145 3601 1239 3650 seriem
1261 3616 1360 3662 ruam,

280 3672 365 3740 idque
382 3685 430 3738 per
447 3668 601 3722 mandatum
619 3669 757 3736 divinum,
776 3670 850 3742 quod
868 3671 897 3722 in
920 3671 1056 3723 creatione
1076 3671 1279 3766 pronuntiatum
1295 3669 1360 3721 nbi-

320 3759 335 3794 e
354 3741 414 3792 snit.

280 3759 318 3934 ἔῃ
347 3814 445 3880 Itaque
461 3817 536 3863 eexte
552 3810 614 3876 die,
627 3828 677 3864 ceu
698 3810 813 3864 (linimur
820 3851 828 3877 ,
846 3811 946 3864 bertine
963 3809 1152 3882 quadrupedes
1169 3825 1184 3860 e
1203 3817 1276 3860 terra
1293 3825 1359 3877 pro-

299 3883 364 3934 ucit.

347 3952 483 4003 Heicvere
493 3952 595 4020 inquiri
611 3953 836 4020 operaepretium
848 3961 889 4006 eet
898 3953 1071 4022 quamobrem
1084 3953 1149 4004 deus
1160 3951 1357 4018 imprecatione

278 4024 365 4074 fauete
381 4024 467 4092 piecce
484 4022 595 4143 ιηυίδοιιι
612 4021 738 4090 dignatus
756 4023 850 4084 suerit,
868 4040 928 4074 curn
946 4022 1021 4075 hiace
1041 4023 1129 4074 verbis
1157 4029 1278 4073 uteretur
1297 4021 1357 4082 „se-

278 4094 379 4145 tiiicute
397 4109 430 4143 ec
449 4110 492 4143 nau
506 4092 696 4161 tiplicemini‚”
722 4109 814 4144 rerum
838 4094 868 4144 in
893 4093 1064 4146 terrestribus
1081 4092 1152 4144 idern
1171 4107 1225 4142 non
1240 4090 1356 4142 iecerit?

277 4163 468 4233 reepoudernue
494 4172 583 4216 eutem
606 4163 705 4215 facturn
729 4163 758 4214 id
778 4179 836 4218 ecee
852 4173 962 4235 propter
986 4163 1194 4216 cuecratiuncna
1207 4161 1354 4232 ιετριιιιὶι,
