3000 4859
256 275 341 359 316
591 302 805 367 urcusnus
831 300 992 365 onvcsn

255 446 336 515 ούτω
358 450 412 515 κατ’
430 450 464 514 ἐν
486 456 552 525 τοῖς
571 455 680 533 κρέασι
694 454 754 517 τού
766 453 927 535 χρησίμου
944 450 979 513 τύ
1002 447 1159 533 βλαβερὸν
1178 450 1335 528 διακρινο-

253 572 328 629 μεν,
351 546 421 611 ἐπεὶ
450 546 490 611 λα’
491 546 589 629 χανύν
609 552 674 614 ἐστι
702 552 759 613 κατ’
787 549 822 613 τὸ
852 548 1000 628 κύνειον,
1031 542 1135 630 τύσπερ
1155 549 1247 631 κρέας
1265 544 1335 609 ἐστι’
1417 590 1422 597 -

254 646 309 711 aui
324 643 358 709 τύ
390 643 536 728 γύπειον·
589 647 658 711 ἀλλ’
686 640 771 729 ὅμως
795 639 868 711 ούτε
893 644 1074 726 ὑοσκύαμον
1099 642 1196 730 φύγοι
1227 637 1267 706 ἅν
1285 664 1335 716 τις

254 746 329 807 νούν
365 740 464 825 ἔχων,
503 738 577 809 σύτο
608 744 700 819 κονύς
720 742 839 827 ἅψαιτο
858 742 903 828 μή
930 741 1068 829 μεγάλης
1088 744 1224 827 α’νύγκης
1243 762 1334 804 κατε-

218 851 243 902 ῐ)
255 838 439 926 πειγούσης,
461 844 506 920 ὥς
526 838 594 925 ὅγε
617 842 727 930 φαγιύν
748 846 806 906 οὐκ
824 837 992 927 η’νύμησε.”
1044 841 1196 923 μα’νθανε-
1208 834 1266 905 σύν
1282 835 1365 921 ύτι5

251 942 286 1005 τύ
319 940 476 1025 βλαβερὸν
507 944 708 1029 ἐκφεύγοντες
735 941 776 1006 τοὶ
809 946 870 1022 μὲν
890 945 952 1007 τῶν
973 942 1062 1021 ζώων
1080 944 1247 1021 ἐσθίομεν,
1271 934 1333 1003 ύσα

254 1043 309 1105 κατ’
335 1046 457 1122 μᾶλλον
486 1032 613 1123 εύχομύ
635 1065 667 1107 το
696 1041 753 1105 καί
778 1040 935 1126 τρόφιμα,
969 1040 1010 1106 τύ
1030 1044 1065 1105 δὲ
1084 1036 1334 1122 μοσαττύμτθα,

251 1142 398 1221 καχεξίας
419 1140 474 1203 κατ’
493 1136 568 1216 ἴσως
589 1140 641 1205 καὶ
661 1140 776 1223 α’ρύιάς
796 1132 870 1204 ὄντα
890 1143 1075 1224 παρεκτικύ.
1096 1136 1193 1224 ταύτῃ
1211 1158 1261 1202 τοι
1279 1139 1337 1200 κατ’

253 1232 350 1318 ύρους
369 1236 399 1301 οἱ
418 1240 550 1320 πατέρες
570 1237 624 1302 ε’πύ
643 1239 765 1313 τούτοις
783 1242 961 1318 remitam,
984 1238 1017 1301 τύ
1039 1240 1145 1319 λύχνον
1162 1236 1334 1301 κάντεῦθεν

255 1334 341 1419 ἡμῶν
361 1337 612 1410 ἀναστέλλοντες.
655 1340 709 1400 καί
729 1340 827 1401 casira
849 1340 909 1418 μὲν
929 1337 975 1421 εἰς
992 1339 1150 1404 τοσοῦτον.
1348 1374 1390 1415 ω

330 1426 437 1513 Ἄξιον
459 1437 494 1499 δὲ
515 1440 570 1500 κατ’
587 1438 680 1507 τινῶν
700 1433 848 1519 ἱστοριῶν
871 1438 1104 1520 ἐπιμνησθῆναι
1124 1430 1336 1521 φιλομαθείας

253 1533 350 1619 χάριν
378 1537 434 1615 τῆς
462 1536 520 1615 σῆς
548 1536 582 1598 ἐκ
609 1536 663 1617 τῆς
689 1526 827 1618 Ἰοοδήθ.
876 1531 1201 1617 ύΝαβοοχοδονύσορ
1223 1522 1277 1596 διὰ
1298 1532 1334 1595 τὸ

252 1632 297 1717 μὴ
319 1634 526 1714 ἐπικουρῆσαι
548 1636 634 1719 αύτῷ
656 1632 775 1707 πάντας
805 1630 857 1697 ὅτε
876 1637 1020 1714 ἐπολέμει
1040 1631 1118 1714 μετὰ
1137 1635 1195 1695 τού
1212 1628 1336 1715 Ἆρφα·

254 1734 310 1809 ξύ,
341 1732 499 1795 ἐπέστειλε
536 1730 590 1797 τὸν
623 1731 797 1815 στρατηγὸν
826 1732 925 1797 αύτού
949 1731 1138 1818 Ὁλοφέρννρν
1168 1728 1247 1793 κατὰ
1276 1728 1336 1790 πύ-

255 1851 312 1913 σρς
330 1829 385 1910 τῆς
404 1831 481 1911 γῆς,
509 1828 605 1894 clunia
637 1826 717 1915 πρὸς
736 1829 837 1893 αύτύν
857 1828 953 1910 „ruric
973 1834 1056 1913 λέγει
1073 1827 1225 1910 βασιλεύς
1243 1826 1260 1889 si
1280 1831 1337 1907 με’-
1349 1868 1360 1905 ι
1367 1846 1390 1907 5

254 1951 330 2013 νας,
361 1922 377 1990 ὃ
396 1926 503 2009 κύριος
530 1926 631 2013 πάσης
650 1933 706 2010 τῆς
728 1932 812 2011 νῆς.”
854 1932 908 2015 ἐφ’
926 1920 955 2018 qi
973 1928 1028 1993 sul
1044 1928 1125 1993 κατὰ
1145 1927 1265 2011 ταύτην
1281 1925 1337 2007 τὴν

256 2028 398 2091 κέλεασιν
431 2023 598 2111 οἶπαύροντι
626 2028 670 2115 τῷ
697 2028 869 2113 Ὁλοφέρνη
898 2027 977 2092 κατὰ
1005 2026 1181 2105 incumbas,
1204 2023 1339 2109 ἔφηκαὶ

257 2127 331 2189 suls
352 2120 369 2187 ύ
393 2124 584 2210 Ἀμμανύτης
601 2124 720 2208 Ἀχιιύρ
742 2128 796 2206 ,,ει’
814 2128 872 2206 μὲν
891 2122 978 2191 ἔστιν
997 2126 1137 2209 α’γνύημα
1157 2130 1191 2189 ἐν
1210 2128 1253 2209 τῷ
1273 2125 1338 2209 λαῷ

157 2232 189 2289 v.
202 2223 356 2310 ιὸιτούτῳ
386 2226 442 2289 καί
462 2222 695 2308 ἁμαρτάνουσιν
727 2227 773 2298 εἰς
794 2224 848 2289 τὸν
867 2223 944 2287 θεὸν
966 2224 1085 2304 αύτοῖν,
1106 2223 1339 2306 α’ναβρσιύμιθτι

259 2321 312 2389 κατ’
329 2321 589 2407 ε’κπολεμήσοομτν
621 2323 754 2399 αύτούς·
797 2323 828 2388 εἰ
846 2325 880 2387 δὲ
901 2322 945 2407 μή
969 2346 1020 2405 ys,
1040 2327 1223 2407 παρελθέτω
1246 2319 1262 2384 ύ
1284 2320 1391 2404 ssu-20

262 2636 383 2687 oleribus
409 2635 483 2704 quod
507 2636 618 2685 noxium
639 2642 691 2695 est,
716 2635 750 2686 ab
774 2652 806 2688 eo
825 2636 986 2687 secernimus
1012 2632 1085 2705 quosl
1102 2642 1215 2686 naturae
1230 2639 1339 2685 nostrae

262 2712 403 2767 convenit,
421 2722 459 2757 sic
478 2712 560 2755 stram
577 2720 605 2753 su
622 2704 748 2755 carnibus
766 2705 801 2756 ab
818 2706 934 2758 utilibus
952 2722 1138 2775 quaecumque
1155 2705 1255 2755 noxiae
1275 2712 1341 2754 suut

261 2777 432 2829 secernimus.
455 2792 516 2825 nam
536 2782 563 2827 et
580 2774 668 2826 cicuta
687 2774 801 2843 perinde
830 2778 933 2827 olerum
954 2776 1137 2845 appellatione
1156 2776 1248 2836 venit,
1264 2780 1341 2825 utet

262 2847 398 2897 vulturum
426 2860 517 2895 carnes
534 2861 582 2913 pro
601 2845 725 2897 carnibus
745 2845 887 2898 ducuntur.
913 2864 992 2898 nemu
1011 2855 1102 2898 tamen
1117 2846 1213 2897 mentis
1230 2860 1341 2912 compos

262 2917 452 2982 hyoscyamum
477 2913 624 2967 comederit
649 2932 700 2967 nec
729 2933 835 2967 caruem
859 2920 980 2968 caninam
1003 2918 1168 2985 gustaverit,
1193 2915 1246 2967 uisi
1270 2915 1342 2965 forte

262 3002 357 3053 magna
374 2984 505 3106 Huaedam
525 2987 671 3038 necessitas
693 2996 799 3055 urgeas3
817 2988 892 3057 quud
916 2986 1026 3056 quidem
1046 2988 1071 3038 si
1094 2987 1253 3048 usuveniat,
1270 2983 1342 3034 nihil

261 3056 313 3109 linc
329 3072 371 3107 sno
393 3072 409 3106 ο
430 3072 539 3108 vescens
567 3056 709 3127 delinquit.
730 3068 895 3127 quapropter
921 3060 988 3110 scire
1006 3056 1090 3110 debes
1107 3073 1157 3108 nos
1177 3072 1259 3124 opera
1278 3054 1343 3105 data

262 3143 305 3179 res
322 3126 416 3178 noxias
435 3126 566 3189 aversari,
586 3135 616 3178 et
630 3129 661 3178 iis
679 3127 789 3197 quidem
807 3129 969 3180 animalibus
985 3130 1057 3180 vesci
1075 3141 1253 3197 quaecunque
1269 3124 1343 3175 succi

262 3196 330 3251 boni
346 3205 410 3249 sunt
426 3196 549 3266 utileque
566 3198 761 3251 nutrimentum
779 3200 924 3267 praebent,
942 3200 976 3251 ab
995 3200 1056 3251 aliis
1077 3206 1167 3249 autem
1187 3189 1343 3257 abhorrere,

264 3284 334 3337 quae
352 3268 422 3319 forts
450 3266 632 3319 valetudinem
660 3268 857 3321 incommodam
882 3270 926 3322 vel
944 3268 1050 3338 aliquid
1068 3268 1142 3319 aliud
1162 3269 1283 3334 ingratae
1302 3264 1342 3316 rei

264 3337 344 3391 nobis
361 3338 416 3389 sint
432 3338 623 3401 conciliatura,
641 3341 663 3390 si
681 3341 862 3391 comedantur.
886 3341 966 3409 prisci
984 3339 1096 3409 quidem
1113 3338 1156 3390 illi
1175 3347 1264 3406 patres
1284 3353 1344 3387 cer-

265 3418 306 3461 tas
324 3408 402 3459 uobis
420 3406 514 3460 bacin
532 3418 607 3478 parte
625 3410 697 3479 leges
709 3412 947 3479 praescripserunt,
964 3417 995 3461 ut
1012 3410 1135 3461 lasciviae
1154 3408 1344 3477 voluptatique

265 3486 373 3531 nostrae
389 3478 497 3531 modum
511 3489 667 3532 statuerent
687 3498 717 3531 ac
735 3478 769 3531 de
787 3480 829 3531 bis
843 3496 907 3532 sane
924 3480 1027 3531 dictam
1046 3478 1176 3531 hacteuus
1193 3486 1260 3542 esto.
1278 3476 1344 3544 quia

266 3566 329 3600 vero
347 3548 466 3601 studium
483 3551 513 3601 in
535 3549 664 3601 discendo
693 3558 768 3602 tuum
789 3551 857 3602 mibi
876 3558 1046 3619 perspectum
1066 3559 1121 3612 est,
1140 3564 1238 3617 operae
1258 3546 1344 3615 preti-

260 3634 310 3673 ‚um
329 3618 448 3673 lactarus
472 3637 545 3685 suns,
565 3620 589 3672 si
612 3621 779 3690 quarundam
799 3639 832 3673 en
857 3620 982 3673 luslitbas
999 3620 1069 3674 libro
1086 3620 1271 3673 narrationum
1285 3633 1345 3668 me-

265 3706 377 3743 minero.

334 3760 583 3813 Nabuchodonosor
604 3768 746 3829 propterea
764 3760 838 3831 quod
863 3761 988 3811 nationes
1005 3768 1127 3813 aeterne
1147 3759 1199 3811 sibi
1217 3757 1346 3809 adversus

264 3830 415 3901 Arplsaxam
433 3831 537 3883 bellum
554 3830 657 3898 gerenti
676 3846 754 3899 opem
773 3848 828 3882 non
850 3831 990 3894 tulissent,
1011 3832 1148 3900 copiarum
1164 3846 1272 3893 suarum
1294 3827 1346 3877 iru-

263 3912 417 3971 peratorem
435 3901 618 3969 Olopherncm
637 3898 763 3954 adversus
787 3901 895 3969 quosvis
914 3902 1064 3969 ablegavit,
1081 3917 1166 3970 seque
1185 3901 1268 3951 totius
1287 3906 1344 3948 ter·

264 3990 351 4024 varsuu
370 3972 443 4023 orbis
460 3988 585 4039 magnum
602 3988 691 4039 regens
704 3990 734 4021 ac
755 3970 893 4023 domiuum
910 3972 1066 4041 appellavit.
1084 3970 1139 4022 boo
1154 3971 1283 4021 mandato
1299 3983 1345 4016 ac-

264 4050 344 4111 cepto
364 4042 490 4095 adversus
508 4041 622 4093 ludaeos
633 4042 801 4110 Oloplrernes
819 4042 909 4111 copias
929 4051 1026 4094 movet.
1045 4058 1107 4093 eum
1124 4040 1223 4091 Acbior
1240 4040 1348 4091 Amma-

264 4113 336 4165 uites
354 4112 383 4165 in
401 4113 469 4164 hauc
486 4114 647 4163 seutentiam
665 4129 789 4163 sucurre:
815 4112 929 4179 siquod
948 4122 1018 4165 esset
1035 4111 1163 4163 delictum
1180 4112 1239 4161 eius
1256 4108 1347 4159 uatiu-

265 4184 309 4236 nis
326 4200 380 4253 quo
408 4180 489 4235 deun
508 4181 697 4246 oli'eudisseul,
723 4193 796 4235 recte
814 4199 842 4234 se
861 4184 997 4250 tacturos,
1013 4184 1035 4236 si
1054 4184 1191 4251 regionem
1209 4181 1284 4233 illesa
1301 4178 1347 4230 in·
