3000 4859
215 344 284 405 xtv
641 334 895 403 tumtur

218 504 250 557 et
269 492 354 555 mulir
375 486 556 575 geulitrrlc'
578 489 698 565 mittio,
728 486 768 549 tle
789 486 982 569 praevisioni
1002 485 1131 566 divion.
1149 488 1236 559 'num
1258 495 1308 558 illa

218 590 499 679 peccatimmasit,
515 588 553 651 (le
575 588 837 651 obdurationibos
857 588 1039 669 impiorum,
1057 590 1096 653 de
1113 595 1308 677 mmicorem

222 706 258 762 ct
272 714 422 758 morum
442 688 663 773 pmd’qiornm
685 688 885 757 ὥέοτίιιίπε,
908 708 974 771 quo
995 688 1067 751 loco
1087 690 1128 755 tle
1146 694 1308 756 Anticlrri.

216 796 255 857 sti
275 796 370 857 etiam
392 789 549 853 miraculis
578 810 617 851 uc
634 789 807 871 praestigiis
831 790 912 870 agiu
934 787 974 851 (le
1002 791 1095 851 variis
1117 794 1308 879 tamphilo.

216 894 391 977 sophorum
411 912 506 975 quem
524 890 756 951 haeretieorum
779 888 986 972 opinionibus.
1000 890 1113 973 quodsi
1131 894 1201 977 quis
1220 896 1308 959 orbi.

217 1004 322 1057 trutur
355 992 439 1054 hisee
468 990 507 1051 de
528 991 619 1053 rebus
654 990 782 1051 minime
814 987 1026 1051 disserendum
1047 990 1096 1053 vel
1120 991 1154 1053 in
1176 992 1308 1059 histem

217 1096 268 1157 vel
289 1096 321 1155 in
342 1092 546 1155 annotatione
563 1098 759 1173 temporum,
781 1079 902 1150 iareim
919 1089 1056 1171 primum
1074 1090 1152 1155 baec
1172 1095 1307 1157 iuniori.

215 1194 274 1259 ltur
294 1174 556 1276 mseperscriptu‚
577 1188 714 1273 mierum
731 1187 852 1249 animos
872 1190 964 1251 rectis
973 1193 1139 1270 semmatib,
1160 1195 1307 1278 utpaulo

216 1303 289 1359 ante
314 1292 575 1376 significabamus,
609 1288 706 1350 imbui
740 1289 903 1371 permagni
934 1292 1042 1353 refert.
1077 1290 1188 1356 dende
1214 1296 1307 1357 velini

216 1396 332 1479 Glyeae
351 1402 462 1455 nostro
483 1388 634 1451 velillum
656 1388 699 1449 ob
721 1406 844 1448 causam
863 1389 905 1447 sit
924 1392 1074 1473 nequior,
1094 1388 1181 1475 quod
1202 1395 1307 1477 ptem.

216 1518 278 1581 quo
299 1515 364 1559 noo
394 1494 438 1553 ita
457 1490 578 1573 prolixe
596 1508 657 1549 uec
676 1488 803 1549 confuse
834 1486 1001 1552 tradiderit
1022 1501 1058 1551 nt
1080 1492 1254 1557 Cedrenum
1275 1504 1308 1559 et

214 1596 290 1657 alios
310 1593 462 1656 factitasse
481 1588 639 1665 ridemus,
660 1589 715 1671 qui
737 1586 924 1670 compendio
948 1580 1098 1672 quaedam
1116 1597 1307 1675 promitten-

214 1706 259 1759 tes
279 1693 437 1757 volumina
464 1710 590 1773 prorsus
622 1689 778 1772 ingentia,
807 1710 949 1773 quaeque
969 1691 1035 1753 sine
1066 1693 1170 1756 taedio
1195 1697 1307 1779 pellegi

214 1802 397 1879 nequeunt,
424 1792 558 1875 posteris
583 1788 748 1874 reliquere.
782 1796 857 1872 post
876 1789 1035 1853 Christum
1056 1801 1182 1871 uatum,
1216 1808 1308 1879 porto

213 1897 330 1959 scilicet
346 1894 450 1977 operis
472 1890 583 1968 tertia,
599 1912 673 1951 cum
703 1890 841 1973 imperio
858 1890 1002 1953 Romano
1021 1891 1184 1955 historiam
1204 1898 1307 1958 ecclc.

213 2000 277 2059 siue
295 1993 465 2076 coniungit.
486 2000 533 2053 est
552 2000 665 2053 autem'
678 1989 748 2053 licie
761 1998 924 2053 accuratus
945 1986 1112 2055 admotum
1131 1992 1164 2053 in
1184 1992 1305 2057 brevis.

210 2096 292 2159 simii
314 2114 471 2157 annorum
485 2092 706 2169 notationibus,
727 2091 839 2175 quibos
854 2093 1055 2174 imperatores
1068 2094 1179 2176 singoli
1200 2116 1306 2159 remor

211 2197 307 2281 potiti
327 2197 469 2257 fuerunt.
491 2214 555 2255 non
578 2193 683 2253 omnia
700 2190 828 2274 quidem
849 2192 975 2254 illorum
989 2194 1038 2255 vel
1051 2192 1135 2257 dicta
1155 2194 1203 2257 vcl
1225 2197 1305 2257 lucto

214 2304 357 2361 recenset
378 2301 446 2374 (nee
468 2294 549 2355 enim
571 2292 631 2354 boc
652 2290 701 2354 rel
715 2292 892 2353 instituerat
911 2292 961 2355 rel
980 2293 1073 2354 ctiam
1092 2296 1195 2357 faccrc
1208 2293 1304 2359 (labe.

211 2401 284 2477 bat,
307 2396 428 2459 annales
451 2393 559 2457 muudi
591 2393 702 2455 breves
734 2392 933 2475 scripturos),
955 2395 1107 2456 memoria
1127 2402 1230 2458 tomen
1253 2396 1305 2457 in.

211 2499 429 2581 ‹licationequc
453 2495 545 2577 iligna
564 2494 691 2555 minimo
713 2493 875 2574 praeterit.
907 2500 940 2554 et
959 2491 1034 2576 quin
1053 2493 1179 2557 tandem
1201 2496 1304 2579 impc-

214 2602 297 2663 rium
310 2600 484 2659 Romanurn
493 2593 675 2676 Byzantium
697 2592 761 2653 sire
780 2585 1082 2676 Constantinopolim
1106 2598 1244 2659 Graecos
1264 2596 1303 2659 ml

211 2699 353 2761 homines
379 2692 563 2757 translatum
589 2692 666 2770 suit,
686 2691 752 2753 eius
779 2691 874 2773 ipsius
895 2694 982 2775 regni
1003 2696 1115 2757 seriem
1137 2718 1173 2758 ac
1195 2718 1242 2760 rer
1264 2698 1303 2757 ab

214 2800 337 2882 regibus
361 2802 457 2879 gestas
483 2790 647 2874 diligenter
662 2798 798 2853 extrema
818 2792 850 2851 io
863 2801 954 2874 porte
974 2796 1188 2879 prosequitur,
1218 2796 1301 2879 quod

216 2898 406 2963 existimaret
434 2892 477 2953 ihi
498 2892 650 2975 principis
675 2900 768 2975 atque
781 2892 905 2953 maximi
927 2911 988 2975 per
1008 2896 1118 2957 orbem
1142 2904 1302 2957 terrarum

213 3000 337 3084 imperii
358 2993 459 3057 sedem
480 3012 552 3070 esse,
576 3012 647 3053 cum
668 3012 732 3075 qno
758 3012 806 3052 res
826 2991 1005 3071 occidentis,
1027 2994 1090 3057 hoc
1109 3004 1153 3057 est
1173 3002 1301 3071 nostros,

212 3100 338 3163 minime
360 3090 562 3157 conserendas
587 3099 745 3155 statueret.
767 3090 848 3155 bunc
868 3094 963 3177 ipsam
984 3088 1026 3156 o'b
1047 3114 1169 3156 causam
1192 3102 1300 3157 nostru

209 3198 331 3263 silentio
353 3192 516 3279 praeterit,
539 3210 674 3277 quorum
693 3215 729 3255 ex
747 3192 812 3256 aliis
830 3194 942 3257 notitia
962 3194 1025 3278 peti
1047 3216 1111 3256 non
1132 3193 1299 3257 difficulter

209 3308 322 3386 potest.
342 3294 475 3359 vicissim
495 3294 595 3355 nostri
616 3295 681 3357 fere
701 3292 779 3355 nibil
793 3292 833 3356 de
853 3294 1054 3357 orientalibus
1067 3294 1129 3356 istis
1141 3296 1298 3380 principi.

209 3400 268 3463 bus
287 3406 360 3481 post
380 3398 493 3457 factam
504 3392 608 3455 Caroli
630 3394 734 3477 magni
754 3395 948 3478 temporibus
971 3394 1094 3476 imperii
1114 3394 1298 3461 ‹lirisionem

209 3499 379 3563 memoriae
411 3492 642 3580 prodiderunt,
672 3495 854 3557 conantibus
887 3495 1029 3578 utrisque
1060 3517 1134 3558 suae
1164 3498 1298 3563 nationis

207 3598 385 3661 bominibus
413 3616 512 3679 opera
539 3616 593 3657 sua
613 3595 738 3657 servire.
775 3614 899 3677 pessum
933 3602 1036 3655 autem
1061 3616 1135 3657 vere
1154 3598 1298 3681 polliceri

208 3698 377 3765 lectoribus
399 3697 430 3757 in
452 3696 511 3757 hac
533 3704 669 3757 extrema
689 3702 781 3776 parte
799 3693 896 3756 multa
917 3702 1029 3756 notatu
1044 3696 1186 3779 apprime
1205 3698 1297 3781 dignu

181 3840 185 3849 ν
207 3798 358 3883 reperiri,
396 3816 531 3880 quorum
553 3816 593 3857 ne
623 3794 720 3855 verbo
741 3792 867 3877 quidem
883 3794 1075 3877 prolixarum
1094 3795 1297 3861 bistoriamm

205 3898 375 3981 scriptores
399 3895 614 3957 meminerunt.
642 3900 735 3977 utque
768 3892 881 3956 hurum
914 3896 946 3956 in
976 3916 1084 3959 rerum
1104 3898 1296 3987 expositione

206 3994 410 4085 pervenitad
443 3998 643 4076 eu'tempora
670 4014 750 4075 quac
776 4002 916 4057 nostrum
939 3994 1023 4060 banc
1053 4007 1187 4060 aetatem
1207 4000 1296 4061 annis

208 4100 302 4183 paulo
318 4094 446 4177 emplius
469 4114 542 4155 cccc
562 4104 816 4175 praecesserunt,
837 4095 899 4158 hoc
920 4107 967 4159 est
984 4098 1024 4159 nd
1044 4098 1210 4161 Iohannem
1220 4098 1294 4159 Ale-

207 4202 247 4263 rii
269 4200 482 4275 Gomorram,
514 4194 563 4256 cui
587 4192 713 4255 Pulchri
741 4216 913 4281 cognomen
941 4197 1047 4261 datum
1064 4198 1131 4258 seit
1154 4196 1295 4259 arbitror
