3000 4859
261 302 339 406 sto
593 325 812 428 niominis
841 327 1004 394 GLYGAE

252 483 406 564 φυγοῦσα
424 481 517 545 οῦδὲν
529 471 617 566 ἦττον
637 484 691 567 ἐφ’
716 477 833 566 ἑαυτῆς
851 485 972 568 ἕστηκε.
1014 475 1051 544 τῦ
1066 482 1102 544 δι’
1122 481 1188 545 dors
1207 475 1244 544 τὸ
1264 501 1342 544 our·

252 585 455 661 ικττταμὲνον
489 583 534 670 τῷ
565 579 691 662 στόματι
718 579 786 645 καί.
809 581 914 660 ζωοῦν
939 577 1018 645 αῦτό
1031 605 1042 661 3
1071 577 1092 664 ἧ
1124 575 1225 664 φῦσις
1245 577 1342 660 καὶῆ

253 673 366 763 ἄλογος
385 675 464 762 ζωή.
507 679 584 743 οῦδὲ
605 676 668 764 γὰρ
689 672 731 765 ἧν
750 680 906 766 stirpanda
923 680 969 768 τῷ
991 685 1094 761 παχεῖ
1108 679 1343 762 προσομιλῆσαι
1390 737 1393 744 ,

251 779 375 860 σώματι
394 775 452 863 τὴν
484 779 598 861 ψυχὴν
625 770 705 844 οἴνου
721 776 809 854 τινὸς
829 781 1016 866 προοφοοῦς
1036 785 1100 854 τοῖς
1118 768 1227 859 ῦκροις
1249 775 1342 857 μισό-

130 874 135 886 “
250 901 348 962 sprec
389 880 445 942 κατ’
472 872 553 962 αῦτη
578 878 638 960 μὲν
666 875 728 962 πρὸ
754 881 812 963 τῆς
845 880 1017 954 παντελοῦς
1037 871 1257 952 ἅττοττνεῦοεοτς
1275 883 1371 952 cotes

205 973 211 996 '
252 978 462 1062 ἀκρωτηρίοις
479 981 789 1060 σννοττοοβέννοται,
813 976 853 1042 οῦ
872 975 937 1061 μὴν
964 979 1085 1042 ἐκεῖθεν
1107 973 1280 1060 ῦποχοορεῖ.
1300 968 1342 1058 ἦν

249 1075 310 1160 γὰρ
331 1071 372 1141 eir
390 1074 552 1151 οἰθῦνοτος
565 1077 802 1162 ἰττιινερχομένη
824 1074 903 1159 πρὸς
923 1071 1050 1160 ἑαυτήν.
1091 1074 1112 1161 ἦ
1133 1076 1170 1140 δέ
1191 1097 1228 1158 γε
1247 1071 1340 1160 ψυχὴ

219 1177 310 1245 naui
340 1175 440 1257 μέσον
469 1174 581 1241 τοῦτον
613 1176 734 1256 δεσμοῦ
762 1177 984 1258 διαλυθέντος,
1014 1172 1119 1259 ιῦοπερ
1142 1175 1176 1238 ἐν
1194 1167 1341 1262 ῦτὰμιρῆ

251 1274 332 1363 ῥιπῇ
359 1273 534 1360 ὀφθαλμοῦ
546 1322 556 1357 ,
588 1268 608 1338 ῦ
638 1299 736 1361 φησιν
769 1273 959 1356 αἰιόοτολος,
994 1278 1053 1340 τοῦ
1086 1270 1233 1356 σώματος
1261 1270 1342 1352 ἔξει.

250 1396 296 1440 οι.
346 1373 403 1439 καί
418 1375 563 1439 τοσοῦτοι
581 1375 642 1456 μὲν
668 1369 687 1436 d
709 1373 802 1458 λόγος
820 1366 883 1461 ἤδη
909 1371 1054 1462 διείληφε
1074 1371 1152 1462 περὶ
1168 1373 1268 1460 ιτῦτῆς
1286 1373 1342 1459 τῆς
1354 1403 1391 1445 10

250 1475 369 1558 uxu-
668 1478 672 1487 '

323 1571 516 1655 ’Aroyxutor
546 1572 584 1638 ii
610 1574 865 1660 ττροσδιοτρῖψοι
895 1572 1010 1661 μικρὸν
1040 1571 1097 1640 κοῦ
1119 1579 1186 1650 τοῖς
1206 1569 1340 1639 ἔκπαλαι

250 1674 326 1758 ττερί
344 1671 446 1736 οῦτοῦ
472 1677 733 1759 φοοιολογιγθετσι
760 1677 822 1739 τοῦ
851 1671 1006 1757 σώματος.
1047 1676 1131 1752 τίνος
1151 1676 1272 1755 irenen
1292 1667 1342 1738 ῦττ

250 1767 328 1836 κατὰ
350 1767 408 1856 τὴν
428 1769 531 1835 ositeri
550 1769 696 1837 διάθεσιν
715 1767 831 1838 εἴωθεν
854 1771 985 1860 ἧψοχὴ
1007 1774 1152 1860 ἐνεργεῖν.
1194 1771 1340 1854 καθάπερ
1387 1765 1395 1780 '

249 1869 309 1954 γὰρ
331 1867 348 1935 ὃ
374 1868 520 1952 λαμπρὸς
546 1860 639 1947 οῦτος
658 1866 749 1955 ἥλιος
767 1870 847 1938 κατὰ
869 1871 929 1958 τὴν
958 1876 1017 1939 τοῦ
1038 1873 1132 1955 depos
1152 1867 1215 1938 eice
1236 1867 1391 1954 noxii-15

250 1995 328 2054 τητιτ
344 1965 406 2034 εἴτε
436 1970 607 2055 λεπτότητα
639 1970 721 2056 πρὸς
754 1972 840 2057 ἡμᾶς
859 1972 915 2049 τὰς
935 1973 1064 2048 ἀκτῖνος
1084 1969 1238 2059 ἀφίησιν,
1260 1965 1342 2036 οῦτοι

251 2072 306 2133 κατ’
323 2065 417 2153 νοερὰ
436 2068 529 2154 ψυχὴ
547 2065 627 2135 κιττοὶ
646 2069 707 2154 τὴν
727 2068 864 2156 ῦργάνοο
886 2069 1034 2138 διάθεσιν
1049 2065 1106 2156 τὴν
1124 2065 1238 2156 ἓιτοτῆς
1255 2071 1342 2154 ἐνέρ-

250 2191 338 2252 γειαν
351 2166 521 2234 desiimus.
562 2169 783 2236 ἑντοῦθενκκί
798 2170 906 2256 μωρὸν
927 2169 1014 2237 ἔστιν
1035 2171 1115 2236 ἰδεῖν
1135 2171 1189 2235 καὶ
1211 2167 1255 2253 μὴ
1277 2189 1343 2234 τοι-

253 2272 369 2349 οῦτον,
404 2262 541 2353 ῦττνηλὸν
560 2271 616 2334 κοῦ
633 2265 805 2354 γρὴγορον,
825 2270 964 2357 θομῦδρ
987 2269 1043 2336 καὶ
1058 2273 1176 2354 τιρῦον,
1197 2269 1342 2353 ἀνδρεῖον

174 2370 308 2443 Pulses*
329 2369 453 2453 δειλόν,
484 2367 540 2436 κατ’
559 2363 621 2436 dou
638 2373 783 2438 τοιαῦτα.
824 2372 880 2438 καί
898 2367 942 2457 μὴ
964 2373 1072 2456 μῦθον
1092 2365 1173 2456 ἡγοῦ
1190 2367 1231 2435 τὰ
1251 2363 1391 2454 topi-no

328 2561 366 2616 ¹7·
383 2540 435 2614 τὴν
452 2544 529 2621 dor-l
550 2537 602 2613 τιὶν
617 2543 689 2602 soi?

253 2704 427 2758 intervallum
451 2705 542 2758 elucet
565 2704 655 2758 anima
672 2706 702 2759 in
719 2720 850 2777 corpore,
875 2705 942 2760 solis
958 2705 1045 2761 instar
1062 2711 1125 2764 aira
1142 2703 1234 2758 subito
1252 2703 1341 2757 collu-

253 2777 384 2841 strantis,
402 2775 497 2828 eodem
515 2776 597 2828 modo
615 2778 697 2828 etiam
716 2777 781 2829 inde
801 2779 898 2830 avolat.
916 2779 1090 2850 quamobrem
1109 2793 1159 2828 uec
1176 2775 1340 2839 extenditur,

252 2855 286 2899 ut
302 2847 425 2917 superius
441 2845 647 2908 iudicabamus,
663 2864 715 2900 nec
731 2848 931 2901 dimensionem
951 2849 1086 2902 admittit:
1107 2847 1155 2900 sed
1176 2855 1233 2900 tota
1252 2855 1340 2898 totum

253 2933 351 2987 corpus
368 2918 490 2969 animans
507 2917 686 2970 nibilominus
706 2920 883 2988 peculiariter
900 2937 933 2972 ex
951 2937 981 2972 se
998 2920 1130 2972 consistit
1146 2917 1213 2990 qnid
1234 2926 1276 2970 est
1293 2934 1342 2968 au-

254 2997 310 3040 tem
328 2987 403 3058 quod
420 2987 578 3040 extenditur
594 2989 675 3040 simul
693 3006 755 3042 cum
775 3006 888 3060 corpore
906 2999 935 3042 et
952 2994 1041 3062 ipsum
1062 2989 1179 3042 animat?
1197 2997 1294 3040 natura
1313 2996 1342 3041 et

253 3059 311 3110 uita
330 3059 442 3110 rationis
460 3075 564 3130 expers
584 3076 674 3130 neque
690 3058 806 3114 decebat
821 3063 849 3113 in
864 3078 952 3114 crasco
967 3063 1066 3114 versari
1085 3075 1196 3130 corpore
1215 3059 1341 3123 onmem,

254 3127 359 3199 absque
386 3129 477 3181 medio
499 3130 618 3199 quodum
636 3134 763 3184 extremis
784 3140 906 3201 cognato.
930 3141 989 3204 ipsa
1007 3133 1118 3204 quidem
1137 3137 1201 3184 ante
1220 3131 1341 3201 exspira-

254 3199 357 3250 tionem
374 3209 537 3271 postremam
555 3219 609 3254 ona
625 3219 686 3254 cum
705 3205 922 3256 extremitatibus
942 3205 1116 3274 extinguitur,
1132 3219 1188 3254 non
1206 3201 1271 3252 inde
1291 3202 1343 3252 mi-

254 3279 325 3338 grat:
343 3272 415 3324 soret
439 3274 511 3323 enim
533 3274 707 3340 immortalis,
732 3276 755 3326 ei
774 3274 809 3326 ad
826 3291 855 3326 se
876 3275 963 3345 ipram
981 3276 1163 3343 colligeretur.
1183 3281 1212 3324 ut
1229 3271 1281 3323 hoc
1298 3273 1341 3323 in-

253 3341 387 3394 termedio
412 3343 522 3395 vinculo
548 3343 694 3410 dissoluto,
717 3352 848 3415 unquam
877 3346 907 3398 in
924 3347 1013 3416 spatio
1033 3345 1162 3414 temporie
1179 3341 1341 3413 impartibili

253 3411 297 3462 vel
319 3413 391 3464 oculi
408 3422 559 3477 momento,
578 3415 650 3467 sicut
666 3416 807 3485 apostolus
824 3417 964 3488 loquitur,
982 3417 1072 3469 anima
1090 3432 1105 3467 e
1122 3430 1234 3485 corpore
1253 3413 1341 3466 disce-

256 3482 305 3534 dit
325 3492 354 3535 et
370 3483 502 3536 hactenus
519 3485 631 3554 quidem
649 3485 684 3538 de
703 3488 793 3538 enims
810 3486 912 3540 dictum
930 3497 996 3540 esto.
1379 3546 1384 3560 ¹

324 3554 420 3605 Fuerit
447 3563 538 3608 autem
561 3558 679 3626 pretium
704 3573 804 3629 operae
828 3557 955 3611 nonnihil
977 3575 1027 3612 nos
1050 3559 1084 3610 iis
1103 3557 1185 3611 etism
1204 3555 1341 3609 immorari

208 3669 222 3686 ,
256 3639 327 3694 qnae
344 3623 380 3676 de
397 3642 509 3695 corpore
528 3627 639 3698 quidam
667 3628 733 3680 olim
752 3628 1048 3700 disseruerunt3idque
1076 3629 1110 3682 de
1135 3643 1214 3682 causa
1232 3626 1342 3698 potissi·

255 3711 329 3746 mum
357 3713 404 3758 ea,
429 3697 504 3766 quod
529 3715 580 3768 pro
600 3698 780 3770 dispositione
804 3701 924 3772 corporis
943 3708 970 3752 et
989 3700 1143 3754 adiectione
1165 3700 1253 3752 enims
1270 3713 1342 3768 quo-

257 3783 312 3834 que
329 3769 499 3820 conaueverit
516 3784 601 3838 agere.
629 3787 691 3822 num
711 3767 939 3842 quemadmodum
956 3771 998 3823 eol
1016 3789 1064 3840 pro
1083 3773 1153 3824 uiris
1171 3771 1226 3823 sive
1246 3769 1341 3822 crassi-

255 3837 296 3889 tie
314 3838 371 3890 sive
394 3837 547 3892 subtilitate
576 3839 666 3894 radios
687 3843 770 3894 etiam
788 3842 825 3895 ad
842 3859 891 3896 noe
908 3841 1027 3894 diversos
1045 3843 1164 3905 emittit,
1182 3843 1220 3894 sic
1237 3849 1266 3892 et
1280 3840 1341 3891 ani-

256 3925 300 3960 ma
315 3909 343 3959 vi
362 3909 487 3977 praedita
504 3910 704 3981 intelligentiae
727 3930 777 3983 pro
794 3913 966 3966 instrumenti
980 3912 1135 3966 adiectione
1152 3929 1227 3965 suam
1248 3911 1342 3970 effice-

255 3980 367 4031 citatesn
386 3979 514 4034 ‹leclerat
539 3981 605 4034 binc
630 3982 763 4051 quosdam
785 4000 844 4036 esee
867 3985 956 4037 fatuos
973 3984 1113 4047 videmus,
1134 3981 1265 4054 quosdam
1284 3997 1341 4032 non

256 4051 338 4116 itern3
354 4049 418 4101 binc
437 4052 505 4104 alios
525 4053 725 4117 somnolentos,
744 4053 813 4106 alios
829 4056 856 4106 vi
875 4055 985 4120 ilantes;
1006 4056 1074 4108 alios
1092 4052 1254 4117 iracundos,
1272 4051 1340 4104 alios

256 4123 351 4184 κοίλοις
368 4121 435 4172 alios
452 4124 553 4184 lom,
571 4123 639 4174 alios
656 4123 785 4176 timidos:
806 4071 907 4248 picibus
923 4125 994 4178 adde
1010 4141 1081 4196 quae
1098 4133 1162 4178 eunt
1180 4125 1238 4176 eius
1258 4137 1341 4192 gene-

256 4191 293 4245 ris
310 4191 373 4244 alia.
391 4209 443 4244 nec
461 4208 512 4264 pro
529 4191 631 4246 sabulis
652 4193 719 4246 haec
736 4194 788 4247 tibi
829 4195 933 4250 ucenda
947 4205 1018 4251 sunt.
1040 4195 1144 4270 quippe
1159 4197 1201 4249 eir
1218 4193 1340 4258 numius,
