3000 4859
228 356 288 417 xn
660 354 902 418 LEUNCLllVll

231 508 333 569 ralitas
353 514 417 583 est,
441 526 511 569 cum
533 506 682 570 universis
707 508 923 569 communicat
961 510 1057 569 immo
1077 528 1142 572 noa
1162 510 1225 593 ipse
1244 519 1316 572 taa-

231 616 298 669 tum
319 606 355 667 iis
383 604 569 689 expoliendis
601 604 694 668 etad
722 606 861 672 editionis
880 608 1315 693 maturitatem-perducendis

230 706 401 784 incumbit,
432 714 468 767 ut
488 705 642 789 publicam
670 704 708 767 ed
729 706 892 769 utilitatem
913 708 945 767 in
972 706 1108 771 medium
1140 710 1315 792 prodeant,

227 804 281 867 sed
311 806 404 867 etiam
432 805 666 889 aliis'pleraque
697 806 783 867 velut
813 806 1001 869 extrudenda
1030 809 1145 888 mittit,
1168 830 1207 871 uc
1229 808 1315 892 qnod

228 912 370 967 nostrum
385 904 503 967 scilicet
517 902 712 967 commodum
729 916 923 983 remoretur,
945 906 1018 969 dam
1035 908 1100 991 ipse
1119 909 1314 990 gravioribus

228 1004 310 1065 caris
332 1012 363 1066 et
396 1004 651 1087 occupationibus
676 1005 843 1090 impeditus
872 1008 1028 1070 beaomm
1049 1006 1221 1089 desiderio,
1241 1008 1314 1069 the-

227 1104 325 1165 sauris
348 1104 439 1187 lange
470 1104 666 1187 pulcerrimis
695 1126 731 1168 ex
750 1106 880 1190 caligine
901 1106 1105 1192 quarumdam
1125 1108 1213 1191 quasi
1234 1107 1313 1169 late.

225 1200 356 1267 bearem
390 1202 551 1281 eruendis,
581 1205 756 1268 satisfacere
785 1207 906 1291 aequit.
939 1215 1032 1291 atque
1053 1206 1142 1270 huius
1162 1230 1235 1271 sane
1253 1216 1318 1269 tam

227 1306 348 1387 sancti,
378 1312 443 1366 tum
463 1302 621 1367 laudabilis
646 1306 778 1367 instituti
799 1306 918 1368 fructus
943 1306 1143 1389 amplissimos
1162 1308 1314 1391 percipit,

231 1402 307 1469 dum
329 1414 360 1467 et
392 1428 410 1467 a
441 1402 582 1465 litteratis
600 1404 717 1488 ubique
744 1406 884 1487 gentium
903 1428 936 1468 se
956 1406 1018 1469 coli
1040 1416 1133 1491 atque
1154 1408 1313 1469 observari

225 1504 328 1581 videt,
351 1512 382 1567 et
403 1503 434 1567 ia
455 1525 639 1587 magnorum
656 1504 885 1589 illustriumque
898 1505 1043 1569 virorum
1061 1509 1162 1590 gratia
1179 1507 1316 1571 suaviter

226 1604 407 1689 adquiescit.
452 1604 565 1667 Caesar
587 1602 722 1688 quidem,
747 1626 805 1666 cen
824 1604 1040 1688 Philadelphus
1062 1608 1161 1685 alter,
1181 1606 1313 1669 alterum

210 1704 392 1789 ,quemdam
420 1704 615 1767 Demetrium
645 1704 830 1769 Phalereum
855 1702 1060 1768 bibliothecae
1091 1707 1256 1790 praefecit,
1278 1727 1314 1785 ae

226 1802 369 1867 historici
389 1826 500 1866 munus
520 1804 549 1865 ei
574 1802 750 1877 mandavit3
779 1826 854 1891 quas
876 1802 977 1866 adres
992 1826 1084 1889 quem
1105 1805 1199 1867 aliam
1218 1806 1315 1889 magis

224 1904 370 1967 idoneam
392 1904 558 1986 reperiret,
582 1904 727 1987 equidem
746 1926 810 1965 non
823 1902 923 1967 video.
940 1926 999 1967 aec
1019 1913 1065 1967 est
1084 1925 1143 1965 cur
1167 1904 1231 1966 eias
1251 1905 1314 1965 viri

225 2004 369 2081 consilia,
391 2004 445 2087 qui
466 2002 673 2066 universitatis
686 2002 847 2068 historiam
870 2025 941 2067 cara
961 2003 1117 2066 variarum
1137 2002 1314 2087 disciplina.

226 2126 297 2167 rum
316 2104 443 2166 scientia
472 2112 537 2165 tum
563 2104 696 2168 feliciter
716 2104 891 2189 complexus
918 2105 959 2168 sit
979 2105 1101 2185 animo,
1123 2104 1260 2168 maximis
1280 2105 1314 2165 in

222 2204 386 2267 momentis
409 2224 515 2266 rerum
538 2204 576 2265 ab
598 2212 725 2287 augusto
741 2205 1029 2289 sapientissimeque
1049 2205 1193 2289 principe
1207 2213 1240 2269 et
1256 2226 1311 2269 re-

224 2303 309 2387 quiri
328 2304 473 2367 lubenter
507 2312 539 2367 et
559 2324 746 2389 magnopere
765 2305 897 2388 probari
915 2305 1063 2371 dubitem.
1098 2314 1257 2368 utentem
1278 2304 1311 2367 id

219 2424 375 2486 exponam
398 2404 491 2489 'quod
516 2404 568 2467 hic
588 2404 671 2467 locus
701 2413 734 2468 et
754 2406 895 2468 instituta
920 2406 1023 2469 oratio
1041 2405 1198 2489 postulat,
1225 2405 1310 2467 misit

222 2501 324 2565 adme
339 2524 467 2588 quoque
481 2506 658 2567 sambucus,
671 2505 884 2589 superioribus
902 2506 950 2568 his
963 2507 1048 2568 annis
1065 2506 1209 2590 proximis
1232 2505 1309 2568 daos

220 2602 377 2665 annalium
406 2603 575 2687 scriptores
605 2606 763 2682 Graecos,
792 2606 978 2669 Michaelum
1015 2607 1144 2691 Glycnm
1188 2626 1309 2687 eoquo-

219 2713 324 2767 meato
347 2702 484 2765 Siculum
502 2712 534 2765 et
555 2704 792 2766 Constantinam
812 2706 1000 2779 Manassem3
1025 2727 1162 2789 quornm
1182 2714 1306 2766 atrum.

221 2826 282 2889 que
301 2805 444 2867 Latinum
462 2804 493 2863 in
514 2824 688 2866 samonem
708 2813 921 2866 converterem
936 2827 971 2866 ac
989 2804 1107 2887 publici
1128 2804 1203 2867 iuris
1222 2804 1307 2865 faee-

220 2925 297 2967 rem.
319 2904 398 2967 solet
433 2904 516 2967 enim
537 2910 649 2987 putare
670 2912 808 2984 nostres,
837 2912 874 2965 ut
889 2926 961 2965 cam
976 2907 1069 2987 poita
1089 2904 1224 2989 loquar,
1243 2924 1306 2965 esse

220 3002 338 3088 aliquid
355 3024 469 3087 nugas,
498 3002 563 3067 boc
581 3011 644 3083 et,
676 3024 745 3066 eam
762 3026 820 3066 nos
848 3004 971 3087 linguae
992 3007 1129 3065 Graecae
1148 3002 1305 3086 cognitio-

219 3126 292 3166 nem
314 3112 492 3167 censecutos
513 3124 576 3167 esse
597 3103 941 3189 queetransscribendis
962 3105 994 3165 in
1004 3103 1144 3165 Latinam
1163 3111 1305 3163 veterum

218 3204 341 3287 scriptis
364 3212 533 3288 utcumque
560 3226 621 3289 par
643 3205 699 3277 sit;
727 3205 761 3266 ia
780 3226 846 3288 qao
867 3212 904 3265 ut
922 3203 1013 3265 amici
1032 3204 1158 3287 planam
1180 3201 1305 3284 insignis

217 3324 292 3387 erga
313 3304 606 3367 mehenerolentiae
626 3303 775 3366 iudicium
795 3303 867 3367 satis
885 3324 1029 3387 agnosco,
1054 3304 1098 3365 ita
1118 3324 1200 3365 meas
1222 3302 1304 3364 vires

218 3426 256 3467 ac
276 3404 308 3464 in
332 3412 465 3486 utraque
486 3403 590 3486 lingua
609 3402 787 3465 facultatem
808 3384 900 3465 nemo
923 3424 973 3464 rue
993 3402 1107 3463 rectius
1127 3400 1234 3463 metiri
1252 3398 1303 3463 rel

216 3512 319 3586 potest
345 3502 393 3565 vel
413 3502 513 3565 debet.
543 3504 691 3587 quoniam
722 3524 799 3565 vero
817 3523 1030 3585 noa-prorsas
1050 3501 1221 3564 reiecturos
1243 3500 1304 3563 ho-

215 3604 312 3667 mines
333 3602 472 3665 eruditos
493 3604 655 3694 sperabam
676 3602 764 3688 quod
784 3613 916 3665 auctore
928 3601 983 3663 tali
995 3602 1066 3663 rire
1086 3599 1304 3684 praestandum

217 3704 409 3787 reciperem,
430 3705 614 3787 praesertim
629 3702 810 3765 ostendente
828 3724 889 3785 per
905 3702 1009 3763 literas
1030 3724 1063 3763 se
1084 3702 1304 3762 auctoritatem

216 3804 336 3865 consilii
355 3804 402 3864 sui
422 3824 580 3888 nunquam
599 3802 832 3887 defugilumm,
854 3801 916 3864 feci
942 3822 1014 3864 saue
1035 3800 1122 3886 quod
1140 3800 1199 3860 ille‘
1212 3798 1301 3859 iube-

214 3903 285 3981 bat,
305 3912 337 3967 et
356 3912 524 3988 utrumque
543 3905 682 3965 Romana
710 3903 836 3965 civitate
855 3901 994 3979 donavi,
1024 3922 1089 3963 non
1105 3909 1143 3961 ut
1161 3900 1299 3979 impera-

214 4012 270 4065 tor
292 4003 462 4087 quispiam,
482 4002 535 4067 sed
555 4003 641 4067 velut
662 4022 740 4065 unus
758 4024 795 4065 er
814 4001 938 4079 multis,
960 4001 1016 4085 qui
1036 4002 1099 4063 eius
1121 3997 1169 4061 rei
1185 4016 1301 4057 curan-

214 4104 284 4167 dee'
298 4101 477 4165 mandatum
506 4105 544 4166 ab
575 4105 765 4186 imperatore
794 4102 935 4165 haberet.
966 4122 1100 4185 canaque
1127 4096 1218 4180 prior
1236 4092 1300 4154 hoc

214 4212 358 4287 tempore
378 4204 488 4288 Glycon
508 4205 539 4267 ia
558 4202 718 4289 publicam
738 4212 844 4279 exeat,
875 4202 1078 4265 &muntium
1099 4218 1173 4261 mox
1195 4196 1301 4257 sabse-
