3000 4859
272 303 352 362 aaa
606 297 824 364 uscmmis
853 300 1015 366 urucae
1068 384 1078 395 ⁸
1110 297 1122 320 ·

269 451 380 537 ρὴμοον
399 449 492 535 φησί.
531 446 590 532 τὴν
608 448 795 535 προαίρεσιν
814 445 925 516 λοιπδν
946 450 1003 515 καί
1022 449 1215 533 ἀποδέχεται
1237 454 1293 516 καί
1313 443 1357 515 οῦ

165 632 171 641 .
270 552 523 635 α’ποστρίφεται,
545 548 698 629 ου’μενοῦκ
718 549 801 613 αῦτά
822 547 862 614 τά
885 548 1115 633 προσαγόμενα.

174 657 261 713 Part
348 648 445 713 ’Λλλά
475 644 574 712 πάθεν
603 646 729 714 δΚάϊν
760 650 805 725 είς
828 647 975 733 τοιαύτην
997 642 1095 732 ἦλθεν
1112 644 1251 729 ἔννοιαν,
1274 644 1356 713 dere

268 750 388 813 θυσίαν
411 756 626 830 προσενεγκεῖν
642 751 685 831 τῷ
705 750 770 833 θεῷ
780 772 791 827 ,·
812 742 834 831 ἢ
857 746 980 823 πάντας
1003 747 1038 811 ἐκ
1055 749 1111 830 τῆς
1132 749 1168 812 ἐν
1188 750 1232 835 τῷ
1251 770 1355 811 συνει-

270 842 340 913 δότι
363 844 465 909 αῦτοῦ
484 844 637 928 γνώσεως,
659 844 677 910 ά
696 848 837 930 χρυσοῦς
857 842 914 929 τὴν
927 847 1069 928 γλοῦτταν
1088 848 1181 932 φησί.
1223 845 1278 909 καί
1297 843 1389 914 ποτ’-5

267 952 325 1011 θεν
346 942 463 1010 δΚάϊν
474 944 592 1026 ἐπέγνω
613 939 664 1006 ὅτι
686 940 723 1007 οῦ
741 948 898 1029 προσέσχε
918 954 984 1021 τοῖς
1004 944 1106 1009 ου’τοῦ
1130 941 1244 1027 δάροις
1265 942 1282 1007 δ
1303 948 1356 1007 δε·

269 1044 325 1123 ῦς,
346 1041 410 1107 άπδ
431 1044 490 1106 τοῦ
506 1040 553 1126 μή
575 1048 740 1107 κατελθεῖν
755 1038 878 1110 άνοοδεν
900 1045 965 1131 πῦρ
985 1044 1041 1109 ἐπὶ
1058 1050 1126 1121 ταῖς
1146 1046 1276 1117 θυσίαις
1295 1035 1358 1106 αῦ-

267 1146 325 1206 τοῦ
332 1194 342 1226 ,
367 1138 512 1227 καθάπερ
534 1139 589 1206 ἐπί
605 1150 672 1219 ταῖς
692 1148 750 1206 τοῦ
762 1134 862 1225 'Adel
882 1146 1024 1226 γέγονεν·
1069 1143 1121 1207 ἐπὶ
1140 1141 1202 1227 γάρ
1223 1142 1358 1216 τούτοις

267 1244 408 1325 κατῆλθε
435 1244 501 1327 πῦρ
535 1240 592 1305 καί
608 1238 767 1325 η’νάλωσεν
795 1240 913 1324 αάτάς,
945 1239 1004 1326 τὴν
1032 1240 1193 1327 άποδοχῆκ
1212 1244 1358 1307 ἐντεῦθεν

190 1420 199 1434 .
268 1344 328 1405 τοῦ
347 1344 428 1404 densi
448 1345 623 1427 παριστοῦν.
666 1340 748 1406 άλλά
772 1344 827 1405 καί
846 1344 938 1407 τοῦτο
963 1342 1110 1427 ζητοῦσιν
1131 1343 1280 1423 ἐνταῦθα,
1301 1337 1357 1405 διά
1372 1367 1413 1407 ιο

267 1439 303 1507 τί
317 1445 387 1504 κατ’
409 1434 514 1523 άρχάς
534 1444 596 1524 πῦρ
620 1442 680 1521 μὲν
705 1441 898 1523 ἔξοῦρανοῦ
918 1439 1092 1525 κατήρχετο
1109 1444 1165 1507 καί
1183 1439 1240 1516 τὰς
1260 1462 1358 1525 προσ-

239 1544 425 1623 Βοιγομίνας
454 1540 500 1626 τῷ
531 1539 597 1626 θεῷ
616 1539 734 1616 θυσίας
765 1535 969 1623 ἐπεβόσκετο,
990 1543 1061 1605 νυνί
1081 1541 1227 1605 δὲταῦτα
1252 1540 1291 1603 οῦ
1309 1538 1359 1622 ys'·

267 1661 365 1703 νεται.
413 1634 458 1723 μὴ
493 1644 563 1713 ταῖς
586 1640 650 1702 seir
681 1634 771 1716 ζιῦων
790 1640 922 1715 θυσίαις
943 1638 960 1703 δ
983 1638 1058 1715 θεὸς
1078 1634 1223 1723 ἔχαιρεν,
1257 1638 1356 1721 ου’χί·

268 1734 350 1801 κατά
370 1734 433 1821 γάρ
463 1735 521 1802 τδν
553 1732 719 1802 θειότατον
741 1739 904 1823 Κάριλλον
930 1736 1027 1815 τῦπος
1053 1729 1092 1821 ἦν
1112 1739 1211 1803 ἐκεῖνο
1231 1738 1267 1803 τά
1290 1740 1355 1822 πῦρ

269 1834 326 1900 καί
346 1832 570 1920 προεικάνισμα
592 1841 650 1901 τοῦ
671 1842 825 1921 παναγίου
846 1833 1020 1918 πνεῦματος
1040 1840 1099 1903 τοῦ
1118 1834 1279 1914 κατιόντος
1297 1840 1358 1919 μὲν
1371 1850 1411 1912 15

268 1934 415 2017 αόράτοις
442 1933 498 2000 καί
522 1934 579 2013 τάς
607 1935 821 2018 πνευματικὰς
838 1936 929 2021 η’μοῦν
948 1934 1066 2013 θυσίας
1086 1938 1358 2021 προσδεχομένου,

268 2032 354 2099 καθά
378 2032 417 2118 δι’]
446 2032 503 2099 καί
518 2038 572 2100 ἐπί
601 2032 658 2100 τδν
680 2032 823 2119 Χριστὸν
849 2033 949 2101 αῦτὸν
971 2032 1079 2123 κατῄει
1107 2038 1140 2103 ἐν
1159 2036 1299 2123 Ἰορδάνῃ
1319 2034 1356 2101 τδ

267 2137 392 2216 πνεῦμα
414 2131 448 2198 τά
473 2129 582 2219 ἅγιον,
599 2136 660 2217 οάχ
679 2134 723 2210 οῦς
744 2136 890 2217 δεόμενον
913 2133 1104 2217 πνεύματος,
1136 2137 1204 2200 ἀλλ’
1224 2138 1276 2200 ἵνα
1295 2136 1359 2215 μα’-

268 2238 379 2315 θωμιν
413 2227 463 2299 ῦτι
494 2237 553 2323 καίΙ
568 2232 623 2299 ε’πί
651 2231 746 2299 παντί
771 2235 988 2322 βαπτιζομένρι
1008 2231 1153 2320 αόράταις
1172 2231 1207 2299 τά
1232 2236 1357 2325 πνεῦμα

268 2331 391 2397 κάτεισι
409 2332 465 2398 καί
479 2328 602 2417 ἁγιάζει
622 2328 732 2397 αῦτάν.
781 2335 811 2398 εί
833 2335 867 2398 δὲ
890 2332 946 2397 καί
965 2336 1035 2413 νῦν,
1057 2334 1220 2418 dynami,
1241 2340 1356 2417 σημεῖα
1367 2364 1411 2405 20

270 2433 403 2495 τοιαῦτα
423 2430 483 2515 οῦχ
510 2427 600 2519 δρᾷς,
628 2427 674 2515 μή
699 2427 841 2497 ἀπίστει·
899 2432 931 2497 εί
947 2432 1008 2516 γάρ
1030 2436 1086 2497 καί
1105 2420 1196 2515 ῦιμιις
1217 2434 1357 2515 ἐγένοντο

270 2533 339 2602 κατ’
360 2527 464 2614 α’ρχοὶς
496 2532 649 2616 αἰσθηταί
673 2527 727 2596 διά
747 2554 783 2613 γε
801 2528 876 2607 τοῦς
894 2530 1102 2617 άνοητοτὲριος
1124 2534 1353 2612 ἐπικειμένους,

271 2844 347 2900 uter,
367 2836 524 2889 institutum
544 2835 626 2888 enimi
642 2834 687 2888 sel
707 2836 807 2907 probet
821 2836 866 2891 vel
885 2835 1037 2907 improbat,
1057 2852 1113 2889 non
1133 2852 1175 2889 res
1194 2836 1265 2906 ipsus
1284 2850 1355 2907 quse

269 2912 429 2960 offerrentur.

341 2978 396 3030 Sed
412 2977 486 3029 enim
514 2976 587 3029 unde
608 2976 693 3030 Caino
710 2976 745 3030 sd
763 2978 881 3029 mimum
905 2977 1006 3031 eccidit
1022 2985 1054 3030 ut
1071 2976 1123 3029 deu
1136 2976 1295 3029 sacrificium
1312 2977 1356 3027 oi-

271 3047 412 3101 iesendum
439 3064 498 3100 esse
516 3049 671 3101 statueret?
697 3066 761 3100 num
781 3065 816 3099 es
841 3048 1021 3101 conscientiae
1044 3048 1141 3100 notitia
1167 3046 1299 3116 quadam,
1324 3055 1357 3099 ut

271 3119 475 3187 chrysostomus
494 3118 554 3173 sit?
575 3127 602 3171 et
616 3119 689 3171 unde
701 3118 813 3173 tandem
830 3119 928 3173 Csinus
946 3120 1019 3171 idem
1040 3118 1176 3173 intellexit
1196 3116 1277 3169 deum
1295 3134 1357 3169 mu-

270 3207 338 3242 nera
355 3207 404 3241 sua
422 3207 478 3242 non
497 3190 649 3259 respicere?
669 3191 795 3241 nimirum
815 3206 848 3241 ex
866 3207 899 3241 eo
916 3190 991 3260 quod
1006 3192 1035 3242 in
1053 3191 1110 3241 eius
1127 3188 1229 3240 hostius
1250 3189 1320 3257 iguis
1340 3204 1358 3241 s

272 3262 350 3312 coelo
368 3278 424 3312 non
448 3259 639 3323 delaberetur,
665 3260 939 3330 quemadmodum-in
957 3260 1036 3313 Abeli
1055 3260 1194 3313 sacrificiis
1210 3259 1271 3311 lieri
1290 3276 1358 3311 con-

272 3339 404 3382 sueverat.
421 3348 483 3383 nam
501 3332 560 3383 eius
573 3330 676 3383 hostias
693 3332 763 3401 ignis
780 3348 896 3402 superne
910 3331 1016 3384 delatus
1033 3330 1207 3393 absumebat,
1244 3347 1278 3381 uo
1296 3331 1356 3399 ipso

272 3401 460 3453 declarabatur
477 3402 558 3453 deum
577 3418 622 3454 eas
638 3412 762 3472 acceptas
787 3412 816 3455 et
836 3410 923 3471 gratus
949 3400 1059 3455 hebere.
1087 3402 1157 3454 solet
1180 3347 1250 3452 illud
1274 3402 1358 3452 etiam

272 3473 404 3524 hocloco
426 3475 537 3541 quaeri,
568 3472 744 3595 qqsmobrem
767 3475 848 3526 initio
867 3474 901 3525 de
921 3474 998 3525 coelo
1017 3473 1143 3543 delapsus
1161 3472 1232 3541 ignis
1252 3470 1358 3525 oblatas

566 3560 580 3595 e

600 3554 675 3609 stur,
692 3562 754 3598 cum
775 3546 805 3597 id
824 3544 907 3599 modo
924 3560 978 3597 non
998 3544 1066 3596 liat?
1085 3561 1149 3595 num
1167 3543 1282 3595 victimis
1297 3544 1358 3593 ani-

271 3613 382 3667 malium
411 3614 478 3666 deus
511 3613 717 3667 oblectabatur?
738 3632 931 3687 nequaquam,
956 3612 1005 3667 sed
1032 3614 1074 3666 uti
1103 3613 1227 3681 Cyrillus·
1246 3614 1274 3665 in
1297 3614 1358 3676 uit,

271 3685 341 3755 ignis
363 3684 412 3737 ille
429 3695 509 3755 typus
527 3694 556 3737 et
572 3687 657 3757 imago
676 3688 762 3739 sancti
777 3688 886 3757 spiritus
913 3693 984 3749 erat,
1005 3686 1054 3757 qui
1071 3682 1214 3737 descendit
1229 3630 1359 3753 inadspe-

270 3755 408 3809 stabiliter
432 3766 460 3807 et
476 3756 631 3825 spirituales
648 3758 771 3811 victimas
794 3768 899 3811 nostras
917 3764 1051 3878 συνερραις
1080 3754 1306 3826 quemadmodum
1327 3754 1359 3807 in

270 3827 359 3897 ipsum
380 3844 491 3897 quoque
511 3826 646 3880 Christum
661 3829 691 3880 in
707 3829 824 3881 Iordane
852 3827 984 3881 descende
1006 3836 1048 3893 nt,
1066 3844 1122 3879 non
1139 3825 1214 3896 quud
1233 3826 1282 3878 ille
1300 3826 1360 3895 spi-

270 3898 339 3950 ritus
357 3906 465 3966 egeret,
484 3897 534 3949 sed
553 3899 593 3949 uti
611 3916 661 3951 nos
678 3897 841 3951 disceremus
869 3900 993 3970 spiritum
1014 3900 1044 3951 in
1064 3898 1185 3968 quemvis
1204 3895 1358 3957 hominem,

270 3969 320 4040 qui
346 3967 516 4039 baptizatur,
554 3969 808 4037 inadspectabiliter
832 3969 998 4023 descendere
1024 3986 1055 4021 ae
1086 3985 1147 4022 eum
1180 3968 1357 4021 sanctificare.

270 4048 405 4091 caeterum
425 4055 597 4109 nequaquam
625 4040 678 4091 tibi
700 4057 774 4091 nunc
792 4039 948 4093 abiicienda
972 4048 1012 4093 est
1031 4039 1097 4093 fides
1116 4049 1260 4109 propterea
1281 4035 1359 4108 quod

270 4110 336 4161 telin
357 4108 481 4179 prodigia
496 4108 578 4161 modo
601 4110 678 4161 nulla
697 4110 799 4163 sidens.
815 4108 937 4182 quamvis
956 4114 1027 4163 enlm
1046 4110 1201 4181 spectacula
1222 4108 1359 4181 quaedam

270 4180 383 4234 sensilis
407 4187 472 4233 tune
497 4180 584 4234 oculis
611 4180 812 4235 exhibebantur
837 4199 931 4237 eorum
955 4200 1035 4237 eausa
1059 4182 1107 4253 qui
1131 4181 1215 4253 paulo
1233 4179 1358 4234 rudiores

271 3543 375 3596 hostias
394 3542 447 3595 deo
466 3544 564 3613 depasc
