3000 4859
252 290 336 391 240
591 314 810 381 strenuus
838 314 1003 383 crucae

250 466 395 549 κλυσμού
414 466 606 553 πεφευγέναι
623 466 726 553 καιριῆ
747 466 813 527 τῶν
830 460 1009 545 daducium»
1022 458 1119 544 τινύς,
1138 461 1260 529 uetustos
1279 486 1343 529 οω-

249 569 363 651 τηρίας
384 562 438 629 sissi
460 562 497 629 τύ
518 561 602 646 ύψος
620 573 738 646 τυχεῖν.
781 564 848 629 ἄλλ’
874 560 934 641 ἔξω
960 564 1132 643 βάλλουσιν
1151 563 1264 627 ἐκεῖνοι
1284 564 1344 627 τοῦ

252 665 390 745 σκοπού,
410 662 466 727 καὶ
483 671 541 746 τῆς
559 662 690 738 εύθεύας
704 662 814 747 πόρρω
835 684 896 725 που
923 661 1083 748 φέρονται.
1126 661 1158 725 εἰ
1174 659 1235 744 γύρ
1249 658 1344 742 siusi-

251 768 299 847 θη
317 760 389 827 reite
412 760 449 824 τύ
472 758 561 844 ύύωρ
585 760 690 827 inuiam
711 766 773 826 τῶν
800 760 1009 844 ὑψηλοτάτων
1032 754 1132 844 ὀρέων
1150 762 1204 825 tut
1225 758 1342 842 πήχεσι

253 864 490 942 πεντεκαίδεκα,
512 859 598 925 καθύ
620 865 745 944 Μωσῆς
766 858 905 942 ἱστορεῖ,
929 860 986 923 osia
1005 851 1046 924 sir
1083 858 1188 923 ύτιούν
1217 855 1376 925 riustri-5

221 965 325 1048 Βφθη
344 964 517 1045 τηνικαῦτα
549 955 641 1045 ὄρος,
671 960 715 1037 ὥς
739 954 845 1041 οἶμαι,
867 956 942 1035 τούς
972 960 1008 1024 ἐν
1036 952 1124 1047 αύτῷ
1149 954 1343 1045 πεφευγότας

254 1062 367 1143 ἰσχύον
387 1061 537 1141 ἀβλαβεῖς
557 1056 794 1125 διασώσασθαι.
1258 1088 1262 1099 ·

336 1156 380 1222 Ἡ
394 1160 501 1238 μέντοι
520 1158 653 1239 κιβωτὸς
669 1159 856 1242 τριακοσιων
873 1160 934 1239 μὲν
952 1159 1081 1241 πηχέων
1102 1156 1138 1223 ro*
1160 1160 1260 1240 μῆκος
1279 1150 1339 1242 ἦν,

253 1257 443 1342 πεντῆκοντα
474 1261 511 1323 δὲ
544 1256 581 1323 τὸ
603 1257 737 1342 πλύνας,
771 1255 807 1322 τὸ
835 1252 921 1340 ύψας
949 1256 1125 1341 τριάκοντα.
1177 1260 1282 1339 πῆχυν
1304 1258 1341 1321 tt

253 1355 378 1422 ἀκούων
396 1355 441 1442 μῆ
463 1356 610 1442 τοιαύτην
630 1351 713 1422 εἶναι
733 1356 844 1441 νόμιζε
875 1355 970 1421 duola
989 1359 1037 1433 τίς
1058 1359 1126 1421 ἐστι
1143 1359 1219 1440 παρ’
1238 1354 1338 1437 ἡμῖν,
1355 1378 1399 1422 ια

252 1452 334 1519 otte
364 1454 584 1541 γεωμετρικῆν.
640 1453 660 1519 o‘
685 1454 750 1539 γὰρ
773 1458 899 1539 Μωσῆς
922 1457 1099 1539 γεωμέτρης
1120 1456 1154 1533 ἐξ
1174 1451 1339 1537 Αἰγύπτου

252 1550 298 1619 sir
318 1551 471 1639 τοιαύτην
492 1551 555 1641 ἔφη
576 1555 681 1638 πῆχυν
708 1554 763 1619 sul
782 1557 840 1637 τῆς
862 1556 999 1637 κιβωτοῦ
1005 1604 1015 1635 ,
1042 1548 1112 1638 ῆτις
1133 1551 1265 1637 ὀργυιὰν
1283 1576 1342 1633 με·

251 1653 359 1736 γύοτην
380 1662 475 1718 ποιεῖ.
514 1656 635 1737 πρῶτοι
650 1651 712 1738 γύρ
734 1653 928 1736 Αἰγύπτιοι,
957 1649 1041 1718 saed
1064 1676 1145 1739 φησι
1160 1650 1340 1735 Κύριλλος,

251 1750 311 1835 τῆν
328 1758 525 1835 γνωμετρύαν
544 1776 638 1837 ευρον
658 1757 693 1819 ἐκ
712 1756 771 1818 τού
793 1754 930 1819 ἀπλέτου
953 1756 1010 1836 τῆς
1032 1756 1090 1837 γῆς
1109 1750 1167 1817 κατ’
1180 1754 1236 1835 τῆς
1257 1754 1341 1816 dsue-

253 1854 378 1932 ρέσεως.
396 1851 418 1935 ἧ
438 1853 475 1917 di
498 1854 558 1916 τῶν
579 1854 780 1939 φαινομένων
800 1854 921 1935 θεωρία
940 1854 1014 1936 παρ’
1027 1847 1174 1935 Ἓλλησιν
1196 1849 1338 1915 ἐτελειού-
1353 1852 1394 1917 ¹5

154 1954 316 2036 Paatsiq,
337 1952 400 2015 saie
415 1949 549 2035 πριύτων
575 1948 741 2035 τηρῆσεων
762 1950 796 2015 ἐν
816 1953 988 2033 Βαβυλῶνι
1017 1952 1201 2032 γενομένων.
1240 1945 1276 2011 τύ
1302 1949 1339 2013 di

250 2051 327 2133 περὶ
345 2050 421 2124 τούς
449 2042 609 2132 ἀριθμούς
630 2043 694 2115 rino*
718 2048 781 2114 τούν
797 2045 946 2135 ἐμπύρων
960 2049 1118 2113 Φοινίκων
1140 2040 1263 2132 ῆρξατο.
1283 2044 1340 2111 κού

249 2150 325 2233 περὶ
341 2150 401 2229 μὲν
420 2148 539 2212 τούτων
561 2144 672 2223 ούτως.

330 2245 427 2311 Merui
451 2248 487 2311 lt
509 2246 697 2312 πεντακόσια
713 2245 880 2332 τριάκοντα
903 2248 1010 2325 satit
1031 2243 1083 2331 ἔτη
1105 2246 1161 2311 τού
1181 2247 1338 2307 κατακλυ-

249 2347 333 2426 σμοῦ
359 2344 380 2429 ῆ
409 2347 467 2412 τού
486 2348 608 2430 πύργου
641 2350 765 2430 γέγονεν
785 2342 984 2431 οἰκοδόμησις
992 2396 1001 2426 ,
1022 2338 1338 2427 ματαιοπονησύνιων
1347 2364 1396 2409 ao

249 2448 305 2509 sini
330 2442 429 2534 ταύτῃ
464 2448 528 2517 τοῖν
556 2440 733 2533 deliquium
771 2448 898 2513 ἐκείνων
931 2448 964 2511 ἐν
984 2442 1069 2511 ἔτεσι
1091 2440 1335 2529 τεσσαράκοντα.

248 2735 448 2799 historicorum,
468 2751 537 2805 qnos
553 2736 628 2799 citat,
645 2734 741 2789 diluvii
758 2744 881 2809 tempore
902 2736 1034 2808 quosdam
1047 2734 1169 2788 homines
1187 2735 1216 2786 iu
1233 2734 1336 2787 ultissi-

247 2822 320 2857 mum
339 2806 482 2857 Armeniae
499 2814 618 2857 montem
636 2807 803 2876 confugisse,
826 2818 908 2878 atque
934 2808 974 2859 ibi
999 2808 1081 2860 saluti
1099 2823 1163 2859 strae
1181 2823 1230 2875 per
1247 2806 1335 2875 ipsius

247 2875 348 2927 montis
379 2875 575 2929 sublimitatem
600 2879 777 2931 consuluisse.
803 2878 1092 2947 verumhiascopo‚
1125 2875 1198 2947 quod
1218 2876 1334 2941 dicitur,

247 2946 408 2998 aberrarunt
427 2954 455 2997 et
474 2964 488 2996 a
508 2949 606 2999 semita
624 2957 696 2999 recta
714 2949 795 3017 longe
817 2948 992 3001 deflexerunt.
1011 2966 1074 3000 nam
1093 2946 1115 2997 si
1134 2964 1203 3017 aqua
1218 2946 1246 2997 id
1264 2955 1334 2998 tem-

246 3018 320 3085 poris
338 3032 418 3084 supra
428 3023 534 3068 montes
551 3036 674 3089 quosque
689 3018 895 3071 sublimissimos
914 3018 993 3071 adab
1010 3033 1096 3088 usquo
1115 3017 1221 3069 cubitos
1240 3032 1335 3068 excre-

246 3088 300 3148 vit,
321 3086 549 3157 quemadmodum
572 3090 661 3141 Moses
688 3092 835 3141 memoriae
859 3090 998 3161 prodidit,
1025 3088 1117 3141 nullus
1144 3104 1203 3139 mea
1221 3088 1334 3159 quidem

246 3158 382 3209 sententia
396 3175 472 3210 mons
486 3160 608 3229 reliquus
626 3176 683 3213 esse
700 3162 810 3231 potuit,
824 3162 872 3232 qui
889 3180 904 3213 a
921 3160 1043 3233 periculo
1063 3166 1183 3212 sanaret
1199 3159 1334 3210 immunes

245 3236 383 3297 quotquot
400 3229 430 3280 in
448 3246 509 3281 eom
527 3231 719 3299 confugissent.

314 3300 399 3350 Areae
427 3299 511 3369 ipsias
539 3300 681 3371 longitudo
702 3303 755 3353 300
776 3301 883 3355 cubitos
908 3298 1042 3363 habebat,
1059 3297 1178 3351 latitudo
1196 3299 1335 3369 quinqua·

244 3368 333 3435 ginta,
352 3370 469 3421 altitudo
490 3372 609 3440 triginta.
628 3390 688 3423 cum
703 3382 794 3425 autem
812 3372 899 3425 cubiti
919 3370 1081 3423 vocabulum
1107 3369 1202 3433 audis,
1219 3386 1273 3421 non
1292 3378 1334 3421 ta-

243 3438 297 3489 lem
317 3440 434 3509 intelligi
458 3450 554 3511 putato
603 3444 670 3495 ualis
698 3444 771 3513 apud
793 3460 843 3495 nos
862 3450 902 3493 est
924 3442 952 3492 in
971 3458 1035 3503 arsa,
1062 3440 1111 3493 sed
1131 3442 1333 3509 geometricum.

243 3508 335 3561 Moses
354 3510 441 3574 enim,
458 3514 506 3582 qui
525 3461 754 3585 apudllegyptios
776 3522 860 3566 artem
879 3512 1043 3580 geometriae
1060 3510 1215 3575 didicisset,
1234 3511 1262 3562 in
1282 3510 1334 3563 hac

244 3578 280 3630 de
297 3598 357 3631 arca
382 3584 538 3635 narratione
565 3584 684 3637 cubitum
707 3584 841 3637 eiusmodi
862 3583 994 3651 intelligit
1010 3582 1059 3652 qui
1079 3582 1222 3633 maximam
1238 3582 1333 3633 ulnam

244 3650 373 3704 efficeret
392 3670 454 3704 nam
472 3654 597 3726 Aegyptii
616 3656 716 3726 primi,
736 3656 870 3708 referente
891 3652 1009 3721 cyrillo,
1028 3654 1202 3720 geometriam
1220 3660 1335 3721 propter

244 3722 452 3790 amplitudinem
473 3733 561 3777 terrae
579 3744 644 3779 suae
662 3728 776 3798 eiusque
796 3724 957 3777 divisionem
977 3730 1143 3793 repererunt,
1164 3740 1224 3774 cum
1242 3730 1333 3775 motus

244 3791 366 3843 siderum
391 3794 571 3847 consideratio
599 3800 635 3849 sit
663 3798 807 3849 sGraecis
830 3794 966 3867 perlecta,
994 3810 1108 3863 quorum
1127 3794 1334 3845 observationes

243 3863 347 3984 grimae
371 3864 444 3935 apud
462 3865 624 3932 babylonios
647 3868 817 3921 exstiterant.
850 3865 946 3919 itidem
977 3863 1101 3916 doctrina
1124 3879 1296 3916 numerorum
1317 3880 1333 3915 a

265 3932 409 3987 boenicum
427 3935 621 3989 mercatoribus
639 3946 679 3989 est
696 3938 825 4007 proiecta.
847 3936 881 3989 de
899 3936 943 3989 bis
961 3934 1100 3989 hactenus.

314 4006 379 4055 Post
398 4022 484 4057 annos
503 4022 519 4057 a
538 4006 641 4060 diluvio
664 4009 716 4059 536
732 4010 816 4059 turris
835 4014 877 4059 est
894 4008 1055 4070 aedificata,
1072 4002 1228 4057 hominibus
1246 4003 1274 4053 in
1299 4018 1334 4054 ea

243 4073 410 4141 perficienda
427 4077 493 4127 totis
507 4078 542 4144 do
553 4079 631 4129 annis
649 4078 785 4130 incassum
802 4077 998 4130 laborantibus.
1019 4074 1233 4128 cohortabantur
1251 4073 1334 4137 enim,

244 4158 293 4193 ceu
314 4145 404 4197 Moses
430 4146 510 4209 (Gen.
536 4164 562 4199 ιι
584 4150 612 4217 3)
634 4158 741 4212 narrat,
769 4150 884 4203 invicem
912 4158 943 4201 ut
970 4148 1069 4198 lateres
1095 4147 1214 4199 lacerent
1231 4158 1334 4213 coque-

244 4222 374 4283 reutque,
399 4214 500 4286 quibus
531 4218 626 4272 urbem
651 4221 802 4290 turrimque
824 4216 879 4272 sibi
905 4226 1094 4281 exstruerent,
1125 4232 1195 4287 quae
1221 4214 1333 4281 lastigie
