3000 4859
277 305 361 390 580
607 319 823 392 menaeus
855 321 1017 392 carcaa

274 481 506 566 ἀπετάφλωσε,
525 475 605 562 πρὸς
624 481 660 542 δὲ
677 478 735 553 τάς
753 477 858 561 ἀρχάς
877 474 1006 563 ἑτέρους
1028 477 1211 559 ἀνεβίβαζεν
1230 479 1361 562 ἀφελεῖς

273 586 329 646 τισί
349 581 457 659 ἀξίους
476 581 622 660 γέλωτος.
643 579 816 659 συνέτριψε
829 581 864 642 δὲ
883 580 924 640 ου’
937 573 1033 658 μόνον
1049 579 1183 659 πένητας
1201 574 1282 640 ἀλλά
1306 579 1361 641 τιτι·

272 683 453 753 πλουσίους.
473 680 508 740 ἑν
528 675 617 759 τρισί
629 674 688 757 γὰρ
713 674 832 756 ἔτεσιν,
854 680 888 741 ἐν
908 667 955 751 οἷς
975 679 1031 744 κατ’
1048 672 1085 742 cd
1104 677 1166 738 πάν
1182 675 1239 758 τῆς
1258 676 1360 738 οάτσά

271 776 452 861 βασιλείοις,
472 777 562 840 πέντε
585 777 805 859 δοσμσφοριάς
826 772 983 860 ἀπῄτησε·
1006 771 1066 848 τὰς
1093 771 1153 857 γάρ
1176 770 1235 836 aaa
1246 769 1361 856 ἔτυχεν

273 877 367 963 ἀφείς
388 875 405 939 δ
426 873 566 958 ἀδελφὸς
587 871 699 937 αὐτοῦ.
741 871 823 954 uerri
846 876 881 938 δδ
898 877 1002 938 τοῦτο
1023 875 1172 960 αι’φνιδίἰγ
1198 869 1277 960 adop
1299 875 1389 938 ‹ro-5

271 979 400 1058 σχεθείς
417 977 583 1038 οιιίπτετοιι
605 975 676 1035 τίνα
691 977 879 1054 καταλείψει
895 971 1051 1054 διάδοχον.
1094 969 1174 1056 πράς
1190 993 1283 1036 τινων
1302 963 1363 1035 ade

273 1077 476 1155 ἐκδιδαχθείς
505 1071 548 1146 ἀς
573 1075 618 1144 είς
641 1071 805 1154 Ῥωμανόν
834 1070 869 1136 eri
901 1071 1013 1154 νράιος
1039 1074 1106 1152 μετ’
1136 1068 1233 1136 adria
1251 1067 1361 1156 partri-

271 1198 375 1254 σειεν,
395 1176 452 1236 ἕνα
474 1176 534 1252 μὲν
556 1164 632 1234 ὄντα
651 1173 714 1233 τῶν
724 1173 780 1253 τῆς
800 1167 987 1255 συγκλήτου,
1007 1172 1172 1253 λεγόμενον
1192 1170 1228 1234 δὲ
1246 1169 1360 1251 Ἀργο-

170 1272 442 1354 terminantur,
479 1273 512 1347 ἐξ
544 1268 681 1353 ἀνάγκης
713 1266 772 1332 τάν
804 1273 946 1346 τοιοῦτον
977 1270 1235 1350 μεταπέμπεται,
1261 1259 1362 1355 ᾧτινι·

271 1371 390 1454 ἀνάγκη
410 1371 547 1434 ἐπέκειτο
578 1363 602 1451 ἢ
627 1369 816 1451 διαζνγῆνοι
835 1371 892 1452 τῆς
912 1368 1046 1450 copricae
1076 1364 1224 1451 γυναικὸς
1246 1371 1301 1430 τινα·
1320 1369 1359 1454 τῇ
1373 1386 1407 1424 ιο

270 1472 329 1534 τοῦ
351 1469 508 1548 βασιλέως
529 1469 667 1550 θυγατρί
687 1468 894 1553 συνοφθῆναι
909 1468 964 1532 aar*
973 1461 1058 1531 odera
1078 1464 1227 1547 βασιλευς
1248 1459 1361 1548 deera-

271 1569 438 1651 ρευθῆνοι,
458 1558 478 1649 ἢ
499 1567 687 1647 πηρωθῆναι
708 1563 782 1640 τοάς
806 1562 1010 1652 ὀφθαλμούς.
1031 1569 1090 1630 τοῦ
1111 1567 1148 1630 δὲ
1171 1567 1362 1647 ι’λιγγιάντνς

267 1670 328 1729 καί
347 1660 565 1743 ἀνοδυομένου
590 1661 671 1743 πρὸς
693 1657 802 1727 αὐτῶν
835 1659 1000 1749 ἑκάτερον,
1021 1665 1040 1748 ἦ
1061 1662 1207 1738 σάνοιιιος
1228 1667 1363 1730 δείσασιν

271 1763 349 1845 περί
367 1765 425 1826 τοῦ
445 1760 570 1845 ἀνδρός,
591 1757 636 1844 μή
657 1785 687 1826 τι
704 1749 765 1824 ’καί
782 1758 867 1848 πάθῃ
890 1762 1003 1843 δεινόν,
1022 1760 1082 1845 τὴν
1103 1759 1254 1845 κοσμικὴν
1273 1759 1361 1828 ἔτινο-

272 1864 350 1936 σίως
370 1857 507 1925 ἀπέθετο
526 1863 633 1944 τρίχα,
654 1861 710 1924 καί
724 1857 828 1934 οὕτως
850 1865 894 1948 aqi
911 1859 1036 1948 συζάγῳ
1052 1861 1131 1947 πρὸς
1150 1866 1191 1947 τῇ
1212 1855 1290 1942 ὄψει
1309 1859 1364 1926 τισί
1373 1867 1403 1926 ι5

271 1963 331 2045 τήν
351 1959 516 2042 βασιλείαν
536 1962 718 2041 ἐχαρίσατο.
760 1963 858 2040 τριῶν
877 1963 1063 2042 θυγατέρων
1083 1962 1188 2026 adoaia
1207 1965 1252 2046 aqi
1270 1965 1363 2041 βασι-

268 2067 327 2137 1λεῖ
345 2062 574 2145 Κωνσταντίνιρ
598 2058 617 2140 ἦ
636 2061 696 2137 μὲν
716 2059 823 2142 πρώτη
847 2052 1046 2141 ἀπεκείρατο,
1069 2059 1089 2142 ἡ
1113 2061 1148 2123 δὲ
1170 2062 1261 2142 τρίτη
1284 2059 1364 2142 ἀπιγ-

274 2159 398 2241 νιὶνατο.
457 2156 650 2223 συνάπτεται
680 2149 737 2221 οὖν
767 2160 805 2242 τῇ
826 2159 977 2245 δευτέρᾳ,
1007 2151 1075 2240 ἥτις
1097 2156 1171 2240 Zur)
1201 2160 1362 2237 ἐκαλεῖτο,

246 2265 331 2325 Beni
349 2254 453 2331 οάτως
484 2253 690 2338 αὐτοκράτωρ
712 2255 957 2337 ἀναγορεύεται,
989 2255 1147 2337 κρατήσας
1165 2253 1218 2339 ἔτη
1237 2256 1273 2320 ε’.
1313 2259 1370 2320 πεί·

275 2362 453 2440 τηνικαῦτα
486 2358 660 2436 προοιμίων
680 2356 812 2436 ἀγαθοῖν
831 2349 1028 2436 ἀπάρχετιιι·
1070 2357 1107 2440 τῇ
1125 2355 1183 2438 γὰρ
1204 2360 1286 2420 θεοῦ
1309 2378 1405 2438 are-ao

276 2456 358 2542 γάλγ
379 2457 527 2539 ἀκκλησίρ
559 2455 703 2518 ἐκέλευσε
726 2454 875 2518 δίδοσθαι
894 2455 962 2518 κατ’
981 2449 1050 2532 ἔτος
1072 2447 1133 2526 ἀπὸ
1154 2454 1227 2520 τάν
1240 2457 1363 2536 βασιλι-

281 2729 492 2786 sollicitudinem
510 2734 594 2799 atque
620 2745 710 2781 caram
733 2728 811 2780 iiocci
827 2727 974 2798 pendebat.
991 2729 1013 2782 ei
1065 2745 1094 2782 οι
1111 2728 1234 2782 bominer
1250 2729 1363 2781 alicuius

280 2803 362 2873 pretii
384 2799 552 2870 reperiebat,
574 2815 619 2851 eos
635 2809 708 2851 statu
727 2818 775 2850 ιιιο
794 2800 912 2852 deiectos
926 2817 1037 2852 excaeca
1059 2809 1102 2862 at,
1120 2800 1286 2869 illorumque
1304 2800 1362 2850 loco

281 2877 453 2941 magistratus
483 2871 544 2921 aliis
561 2871 642 2939 plane
662 2870 768 2922 stolidis
792 2868 970 2939 ridiculisque
987 2869 1139 2922 mandabat.
1157 2885 1247 2939 neque
1266 2887 1363 2939 paupe-

284 2962 342 2995 rum
359 2943 440 2992 modo
465 2943 585 2992 fortunas
604 2940 750 2992 sedetiam
772 2935 1065 3008 locupletum'attrivit.
1086 2958 1148 2991 nam
1166 2943 1294 3004 triennio,
1313 2957 1364 3010 quo

282 3023 390 3080 tempus
408 3013 511 3080 imperii
538 3012 595 3062 eius
613 3013 783 3074 continetur,
813 3011 956 3079 quinquies
977 3029 993 3063 a
1012 3011 1127 3062 subditis
1145 3012 1301 3064 exactiones
1318 3028 1365 3080 po·

286 3084 413 3146 stulavit3
462 3099 555 3133 rrarurn
582 3081 649 3134 duas
677 3081 761 3132 irater
786 3082 869 3148 ipsius
896 3089 974 3134 antea
1003 3081 1131 3132 subiectis
1161 3081 1365 3132 condonaverat

286 3153 433 3203 secundum
442 3099 520 3203 draeo
545 3151 639 3203 morbo
665 3152 757 3203 subito
785 3157 940 3219 correptus,
968 3167 1050 3220 quem
1068 3167 1247 3204 successorem
1262 3153 1365 3220 imperii

286 3223 472 3292 relinqueret,
506 3238 595 3273 secum
623 3223 681 3290 ipse
713 3220 867 3272 deliberare
898 3221 998 3290 coepit.
1028 3239 1143 3292 cumque
1167 3222 1201 3273 de
1229 3223 1366 3274 nonnullis

288 3295 437 3362 accepisset
455 3294 566 3344 omnino
587 3292 707 3343 sciturum
725 3300 757 3343 ut
774 3299 837 3360 post
852 3291 938 3359 ipsum
948 3293 1078 3343 Romanus
1096 3294 1208 3362 imperio
1226 3294 1366 3361 potiretur,

289 3365 427 3432 quiesset
452 3363 554 3414 ordinis
582 3363 710 3413 senatorii
731 3370 759 3413 et
777 3361 932 3429 Argyrupuli
950 3371 1154 3431 cognomentum
1172 3363 1303 3424 baberet,
1321 3379 1367 3414 ne-

289 3435 413 3484 cessitate
432 3433 547 3504 quadarn
566 3441 678 3501 urgente
690 3433 777 3482 virum
795 3433 891 3482 arcessi
906 3431 989 3495 iubet,
1008 3434 1202 3502 optionemque
1222 3435 1266 3484 rel
1284 3434 1367 3484 insito

289 3504 351 3567 dat,
371 3513 401 3555 ut
422 3512 470 3554 aut
487 3505 604 3572 legitima
623 3521 683 3554 curn
700 3493 783 3553 uxor'e
805 3503 921 3552 divortio
939 3502 1009 3554 lacto
1029 3505 1110 3556 liliam
1127 3505 1296 3572 imperatoris
1314 3519 1367 3554 τοτ-

288 3575 418 3626 trimonio
447 3573 499 3624 sibi
527 3575 651 3641 iungeret
675 3589 704 3624 ac
730 3574 873 3641 imperator
901 3571 953 3624 boc
980 3583 1059 3644 pacto
1088 3575 1304 3637 renuntiaretur,
1322 3582 1368 3624 aot

290 3646 384 3695 oculos
401 3661 451 3712 per
468 3646 683 3695 excaecationem
701 3643 843 3694 amitteret
862 3658 920 3692 curu
939 3643 967 3694 iu
991 3653 1252 3714 utramquepartem
1274 3645 1368 3694 Roma.

289 3732 340 3765 nus
358 3716 439 3766 animi
459 3714 559 3765 dubius
577 3723 604 3765 et
626 3715 720 3764 anxius
737 3713 869 3774 haereret,
887 3729 954 3764 uxor
968 3715 1053 3784 ipsius
1071 3717 1154 3767 verita
1170 3732 1206 3766 ne
1224 3713 1292 3784 quid
1310 3731 1369 3765 cra-

291 3786 353 3835 dele
381 3786 438 3834 viro
464 3786 612 3848 accideret,
640 3793 737 3852 sponte
764 3801 810 3834 sua
839 3782 987 3834 mundanos
1008 3785 1118 3854 capillos
1136 3785 1266 3854 deponit,
1285 3800 1369 3854 caque

291 3858 395 3906 ratione
423 3858 516 3906 marito
542 3871 598 3905 nou
617 3855 709 3906 oculos
734 3853 821 3904 solum
847 3854 1013 3906 conservarit
1034 3857 1207 3907 verumetiam
1228 3857 1368 3924 imperium

291 3935 333 3976 est
352 3926 454 3992 largita.
488 3925 679 3976 Constantinus
708 3931 798 3975 autem
822 3923 967 3976 imeretur
991 3934 1044 3976 tres
1062 3943 1123 3977 curn
1150 3927 1219 3978 filias
1239 3925 1369 3988 haberet,

289 3998 376 4064 prima
395 3996 505 4063 quidem
520 4003 598 4046 tonso
615 3995 713 4061 capillo
737 4011 766 4045 se
786 3941 887 4046 mundo
906 3993 1089 4058 abdicaverat,
1108 3997 1188 4049 tertia
1204 4013 1269 4048 aero
1290 3997 1370 4064 Argy-

292 4066 382 4132 roputi
403 4066 510 4133 nuptias
527 4063 728 4134 aspernabatur.
756 4073 921 4134 quapropter
940 4065 1018 4118 alteri
1036 4065 1173 4134 iungitur,
1190 4069 1233 4118 cui
1251 4068 1302 4118 Zoe
1321 4081 1371 4117 no-

291 4151 354 4186 men
372 4143 446 4200 erat;
466 4149 555 4201 euque
573 4134 644 4185 iacto
656 4133 800 4216 imperator
819 4135 980 4202 designatur.
998 4135 1120 4188 obtinuit
1136 4139 1277 4206 imperinm
1296 4137 1371 4188 annis

291 4206 422 4273 quinque.
452 4203 562 4257 fuerunt
586 4205 645 4256 eius
664 4203 743 4258 imtie
769 4205 906 4275 praeclara
932 4216 961 4260 et
985 4206 1145 4266 laudabitis.
1169 4225 1232 4262 narn
1260 4221 1370 4278 magnae
