3000 4859
273 269 357 357 126
600 295 816 364 arcuams
847 295 1014 363 attera

343 445 481 532 Ὄντως,
511 445 670 535 dromi,
697 448 733 515 τό
755 448 829 525 ἔθος
850 449 950 537 ρόσις
970 449 1027 514 όπί
1039 471 1103 514 τισι
1125 453 1255 536 γίνεται.
1296 446 1360 536 δρα

266 547 330 636 γὰρ
351 543 402 616 ότι
421 547 461 614 τό
473 545 603 632 Λιβυκοὶ
624 554 726 636 θηρία
748 554 810 614 rosi
829 550 891 633 μὲν
910 554 1026 636 θέρους
1046 545 1085 614 osi
1103 552 1198 636 πίνει,
1218 546 1273 617 ότι
1293 551 1360 633 μό-

267 657 363 716 λιστα
393 652 476 732 δίψα
505 651 642 733 γίνεται,
665 653 824 732 χειμῶνος
854 651 890 716 δὲ
912 651 1079 733 πίνουσιν,
1101 643 1174 716 όταν
1193 643 1288 737 ἧσσον
1308 653 1360 716 δι-

268 751 370 832 aptior.
418 751 514 814 τοόσο
545 751 583 814 di
599 752 722 832 γίνεται
739 747 864 826 πάντας
890 746 944 816 διό
968 746 1003 816 τό
1022 747 1067 833 μή
1089 752 1234 833 γίνεσθαι
1253 748 1358 816 όδατιι

266 853 383 935 θέρους
409 850 448 915 ἐν
464 853 506 937 τῇ
526 849 647 937 Λιβόη.
699 853 759 916 τοῦ
777 853 813 916 δὲ
829 851 988 932 ’χειμοόνος
1007 846 1062 914 διό
1079 847 1117 934 χτό
1140 849 1284 934 γίνεσθαι
1302 851 1388 923 rol-5

238 961 326 1014 Βνει.
370 947 392 1014 ό
409 951 488 1033 γοῦν
508 946 794 1032 inauraturam,
815 953 909 1015 τοῦτο
939 951 995 1014 καί
1013 951 1048 1016 ἒν
1068 941 1174 1025 ἄλλοις
1193 950 1297 1029 κόποις
1316 950 1356 1016 ιδ

267 1052 336 1128 ζοόα
354 1050 457 1115 ταῦτα
479 1044 721 1135 παραγενόμενα
740 1048 838 1131 σοόζει
857 1045 893 1115 τό
911 1045 997 1126 ἔθος.
1039 1047 1190 1135 καὶπερὶ
1207 1053 1266 1134 μὲν
1283 1049 1360 1116 κου’-

265 1173 329 1216 sors
349 1143 459 1224 οόιοος.
887 1203 891 1208 .

350 1247 449 1314 Μετὰ
476 1251 652 1333 δὲταῦτα,
680 1241 780 1334 ἤγουν
804 1243 884 1330 put
911 1244 968 1333 τὴν
998 1247 1060 1312 roto
1074 1249 1236 1332 χερσαίων
1252 1274 1360 1337 παρα-

264 1349 387 1433 γωγήν,
408 1346 540 1415 πλάττει
554 1349 611 1416 τόν
632 1343 806 1432 ἄνθρωπον
826 1345 845 1412 δ
865 1348 959 1428 θεός,
981 1349 1037 1412 καὶ
1056 1347 1183 1433 τίθησιν
1205 1346 1303 1415 oriris
1324 1352 1360 1416 όν
1374 1377 1415 1418 ro

264 1452 309 1534 κρῖ
328 1449 527 1536 παραδείσῳ.
582 1442 664 1514 α’λλό
685 1442 853 1512 κόνεαόθα
877 1445 1039 1530 πρόσχες,
1059 1447 1209 1532 όγαπηπό.
1250 1451 1282 1514 εἰ
1295 1451 1359 1533 γὰρ

265 1549 322 1612 καί
338 1548 469 1631 λέγουσί
484 1569 567 1623 τινες
599 1542 650 1611 ότι
667 1544 747 1628 μειό
769 1545 827 1628 σήν
847 1541 988 1630 ἑβδόμην
1007 1543 1110 1612 ἔκτισε
1130 1544 1186 1612 κόν
1204 1546 1360 1628 παράδει-

265 1667 325 1713 σον
346 1640 363 1709 o‘
387 1641 479 1728 θεός,
496 1649 537 1732 τῇ
556 1647 722 1732 Μωσαῖκῇ
754 1646 854 1727 δῆθεν
872 1643 995 1732 ἱστορίη
1015 1641 1178 1729 ἑπόμενοι,
1200 1645 1282 1711 α’λλδ
1302 1671 1370 1712 πε·-

264 1744 442 1830 πλόνηνιαι
473 1746 649 1833 προφανῶς
678 1739 736 1808 ὅτε
762 1741 801 1829 δη
824 1745 1058 1828 παροδευιικοός
1080 1741 1285 1829 ἐπερχόμενοι
1305 1751 1364 1812 καί

237 1846 324 1909 codas
347 1848 553 1930 δρευνητικσός
571 1840 628 1930 κήν
648 1840 785 1930 γραφήν.
826 1845 883 1908 καί
898 1839 994 1906 ἄκουε
1013 1845 1051 1908 τί
1067 1867 1164 1929 φησιν
1184 1843 1202 1908 δ
1222 1845 1360 1931 θεόππης
1374 1857 1417 1918 15

263 1947 394 2030 Μωσῆς
423 1946 510 2037 ,καί
526 1945 728 2010 συνετέλεσεν
753 1940 771 2006 ό
792 1941 869 2020 θεός
892 1939 993 2008 πάντα
1018 1933 1080 2007 όσα
1101 1941 1245 2028 όποίησεν
1265 1946 1299 2010 όν
1320 1949 1362 2032 τῇ

265 2043 372 2131 ἦμόρρ
402 2047 443 2131 τῇ
474 2045 569 2132 ἕκτη·
624 2046 658 2109 όν
680 2045 717 2108 δὲ
737 2047 777 2132 τῇ
797 2039 916 2129 ἑβδόμη
938 2041 1134 2108 κατέπαυσεν
1152 2040 1216 2108 α’πό
1233 2043 1362 2110 πόντιον

195 2220 199 2231 ¹
264 2144 329 2209 τόν
358 2140 460 2226 ἔργων
487 2142 591 2207 αότοό
619 2134 665 2207 ὧν
691 2135 808 2227 ἤρξατο
834 2143 963 2206 ποιεῖν.”
1012 2143 1129 2208 οδκοῦν
1157 2144 1188 2208 εἰ
1205 2140 1285 2224 μετὰ
1302 2141 1362 2228 τὴν

264 2237 405 2328 ἑβδόμην
424 2245 520 2308 οδδὲν
539 2243 603 2307 dni
619 2245 678 2308 sori
695 2242 739 2327 μή
764 2233 853 2318 όντσς
874 2243 919 2316 εἷς
932 2239 966 2332 τό
989 2235 1071 2307 εἶναι
1091 2240 1271 2326 παρήγαγε,
1293 2249 1362 2320 πυός

264 2341 377 2409 λοιπόν
399 2341 500 2410 ἔκτισε
518 2341 600 2425 μετὰ
621 2342 679 2428 τὴν
697 2337 836 2428 ἑβδόμην
855 2337 906 2406 τόν
925 2336 1118 2425 παράδεισον
1125 2368 1136 2422 3
1158 2339 1238 2406 ἔοικε
1255 2346 1314 2424 μὲν
1339 2339 1414 2425 ἧσο

265 2438 375 2530 γραφη
397 2447 499 2527 λέγειν
519 2437 570 2506 ότι
592 2440 676 2525 μετὰ
696 2441 756 2525 τὴν
775 2437 915 2524 ἑβδόμην
947 2434 1086 2520 ἔκτισται
1104 2437 1122 2506 ό
1144 2441 1359 2524 παράδεισος·

267 2544 337 2608 ἀλλ’
368 2543 427 2607 οόκ
450 2539 519 2625 ἔχει
546 2544 602 2607 καί
619 2538 658 2616 τό
679 2545 740 2607 τοῦ
759 2542 897 2622 σκοποῦ,
921 2539 1031 2615 καθιός
1049 2536 1262 2605 όπσπεεόουσι
1282 2549 1360 2606 πολ.

337 2832 408 2886 Nasu
424 2831 552 2884 animalia
570 2833 655 2899 mihi,
674 2849 790 2904 quaeso,
809 2833 908 2903 Libyca
922 2833 1046 2898 intuere,
1064 2849 1134 2904 quae
1151 2849 1201 2904 per
1217 2841 1358 2900 aestatem,

268 2919 329 2958 eun
345 2904 461 2956 maxime
477 2905 587 2969 sitiunt,
604 2921 621 2956 a
640 2913 709 2975 potu
727 2905 882 2968 abstinent,
903 2921 952 2974 per
968 2903 1099 2968 hiemem,
1119 2922 1179 2957 cum
1194 2907 1291 2958 sitiunt
1306 2907 1361 2958 mi·

267 2993 337 3038 nus,
369 2975 479 3029 bibunt.
500 2974 530 3026 id
554 2991 615 3028 eam
641 2975 678 3028 ob
706 2993 814 3028 causam
840 2978 950 3028 omuino
967 2974 1092 3045 accidit,
1112 2977 1186 3045 quod
1204 2977 1290 3044 Libya
1308 2995 1360 3049 per

268 3053 399 3098 aetutem
427 3061 515 3116 aquae
542 3045 650 3099 laboret
678 3048 779 3116 inopia.
797 3052 965 3118 quapropter
981 3046 1097 3098 hiberno
1118 3056 1238 3116 tempora
1259 3064 1359 3118 aquarn

267 3116 412 3180 hauriunt,
430 3133 492 3168 cum
509 3117 569 3170 eius
591 3118 696 3188 copiam
720 3118 832 3172 habeut.
852 3133 968 3188 cumque
984 3118 1024 3169 sic
1042 3119 1076 3169 iis
1090 3118 1120 3168 in
1138 3117 1206 3170 locis
1224 3117 1360 3170 adsuere.

267 3188 336 3251 rint,
355 3189 436 3240 etiarn
456 3187 492 3240 ad
510 3188 576 3241 alias
594 3190 717 3259 regiones
736 3189 829 3242 delata
846 3206 949 3242 morem
966 3205 1045 3242 suum
1062 3190 1192 3242 retinent.
1210 3206 1242 3242 so
1260 3189 1294 3242 de
1313 3191 1358 3242 iris

268 3257 379 3328 quidem
403 3259 544 3312 hactenus.

337 3329 480 3382 Caeterum
497 3337 562 3400 post
578 3329 737 3382 animalium
761 3329 930 3383 terrestrium
947 3330 1111 3384 creationem
1130 3329 1197 3382 deus
1218 3328 1360 3384 hominem

267 3399 348 3468 fingit
364 3417 396 3452 ae
422 3403 452 3454 ia
470 3401 596 3471 paradiso
624 3402 749 3454 collocat.
768 3417 822 3472 quo
844 3401 943 3453 iamin
961 3403 1024 3454 ioco
1039 3401 1121 3452 velim
1137 3403 1257 3454 aninum
1274 3403 1360 3464 mihi,

268 3469 376 3523 deiecta
395 3471 445 3536 fiii,
470 3473 602 3524 advertas.
631 3474 753 3543 quamvis
779 3473 852 3524 euim
874 3471 970 3525 voluat
991 3473 1075 3542 aliqui
1093 3473 1174 3524 daura
1192 3481 1256 3542 post
1272 3475 1361 3542 septi-

266 3559 342 3593 mam
369 3541 442 3594 diem
459 3543 613 3612 paradisum
641 3543 810 3606 condidisse,
839 3543 998 3614 profitentes
1023 3559 1051 3595 sa
1069 3544 1205 3596 Marsicae
1224 3542 1361 3596 historiae

266 3614 388 3682 vestigiis
412 3613 563 3679 inhaerere,
588 3615 732 3667 manifesto
759 3623 850 3666 tamea
868 3622 976 3678 urant,
993 3621 1026 3666 ut
1043 3616 1090 3684 qui
1108 3614 1288 3679 transitorie,
1300 3631 1361 3666 non

267 3683 392 3736 adhibita
430 3686 638 3756 ervestigatioae
648 3685 826 3737 conveniente
845 3685 951 3738 litterae
970 3701 1058 3737 sacras
1077 3685 1225 3756 perlegant.
1243 3701 1274 3736 ao
1293 3686 1361 3737 vide

265 3753 336 3806 mihi
352 3701 429 3826 quisi
448 3765 586 3828 spectator
609 3757 659 3808 illo
682 3755 729 3808 dei
755 3756 846 3808 Moses
875 3757 955 3808 dicat.
985 3755 1122 3820 „ahsoivit
1149 3757 1247 3820 deur,''
1266 3757 1361 3826 inquit

267 3823 347 3878 'Gau
366 3843 383 3877 a
402 3828 445 3950 ap,
463 3827 527 3892 „die
545 3835 621 3880 sexto
639 3837 736 3880 cuncte
756 3844 826 3898 quaa
844 3828 962 3892 isoerot3
980 3827 1068 3880 aedis
1085 3829 1200 3898 septimo
1218 3825 1252 3878 ab
1270 3829 1361 3880 omni-

266 3861 319 3947 itus
337 3898 413 3967 operi
435 3915 482 3962 os,
508 3914 579 3968 quae
603 3897 708 3950 efficere
731 3907 871 3968 coeperat,
902 3899 1030 3970 quievit”
1048 3901 1144 3970 itaque
1161 3900 1185 3951 si
1204 3905 1268 3968 post
1284 3897 1361 3950 diem

266 3968 413 4037 septimun
429 3968 499 4021 nibil
516 3970 642 4032 omniuo,
660 3968 735 4039 quod
752 3978 832 4021 autea
849 3987 905 4022 non
922 3971 1079 4032 exstitisset,
1097 3973 1126 4022 in
1144 3977 1234 4022 ortum
1254 3968 1361 4038 produ-

160 4091 166 4104 ·
266 4037 326 4102 xit,
343 4040 393 4108 qui
408 4048 471 4109 post
498 4040 572 4091 dien
596 4041 740 4108 septimum
759 4040 913 4110 paradisum
934 4041 1077 4094 coadidit?
1098 4040 1227 4094 videntur
1243 4039 1359 4110 quidem

269 4107 379 4160 litterae
396 4126 486 4161 sacrae
509 4111 560 4162 hoc
587 4109 668 4161 modo
695 4111 772 4181 loqui
791 4129 821 4162 ac
838 4113 861 4163 si
883 4121 946 4182 port
965 4113 1037 4164 diem
1055 4113 1197 4182 septimum
1215 4111 1358 4181 paradisus

269 4177 395 4233 conditus
422 4180 521 4232 fuerit:
550 4196 642 4234 serum
659 4183 727 4236 alius
747 4197 843 4254 scopus
867 4191 907 4236 est
928 4199 1034 4250 aarum,
1055 4183 1088 4235 dr
1107 4184 1225 4254 plurium
1244 4181 1358 4252 quidem
