3000 4859
193 254 194 259 ‘
249 263 334 347 322
583 285 805 353 nrcmnurs
833 285 1000 355 utrem

247 438 302 515 τίς
324 432 609 519 αἰχμαλωτίζεται,
641 432 733 501 nati
758 433 835 515 λαός
862 432 1040 522 ιῖναιριῖται
1057 436 1212 525 μαχαίρᾳ.
1257 440 1335 505 Πιτ-

248 538 404 604 λαιστινοί
422 534 477 599 καί
491 531 554 617 γὰρ
578 532 658 599 κατὰ
674 534 839 609 Ἰουδαίων
863 534 1005 619 ὁρμῶσι,
1025 538 1257 619 συμπλέκονται
1274 536 1334 600 rii·

248 634 370 721 λήλοις,
391 632 446 699 ναί
464 637 632 698 πίπτουσιν
650 632 790 715 Ἑβραῖοι
811 635 890 699 rinei
910 640 1163 719 τετρακισχιλιοι.
1190 631 1258 702 εἶτα
1276 634 1334 719 τήν

248 732 383 817 κιβωτὸν
404 722 556 815 ἀράμενοι
577 730 636 796 οὖν
657 734 738 819 ου’τή
757 731 835 797 κατὰ
848 737 912 798 τῶν
924 737 1081 816 πολεμίων
1101 730 1234 819 ὁρμῶσι,
1256 758 1333 818 apo·

251 838 348 918 τήσαι
376 832 521 916 συνήθως
547 829 776 915 θαρρήσαντες.
825 831 1065 915 συμβάλλουσιν
1090 834 1253 917 ἀλλήλοις,
1278 833 1367 905 asts

220 935 399 1000 Βπίπτουσι
426 935 485 1012 μὲν
513 933 546 997 ἐκ
567 936 629 994 τοῖν
647 929 802 1011 Ἓβραίοον
835 932 893 996 οὖν
921 934 1039 1016 σ’λίγοι,
1067 931 1335 1016 αἰχμαλωτιζεται

248 1034 285 1096 δὲ
303 1029 358 1095 καί
376 1027 456 1113 ου’τή
480 1029 499 1113 ἦ
519 1028 661 1112 κιβωτός.
703 1030 761 1092 οὐκ
780 1028 886 1114 ἀγαθή
907 1028 1016 1095 λοιπὸν
1033 1029 1161 1115 ἀγγελία
1176 1037 1335 1111 καταλαμ-

247 1126 340 1213 βάνει
357 1127 412 1193 τὸν
428 1130 536 1193 Ἠλεί·
586 1131 641 1191 καί
670 1126 728 1209 τήν
747 1130 806 1208 μὲν
828 1133 891 1193 τοῖν
910 1124 1013 1194 αὕτοῦ
1033 1130 1157 1195 παίδων
1173 1125 1334 1195 ἅπαὸλειαν

251 1233 343 1314 φέρει
363 1230 521 1311 γενναίως,
542 1225 598 1292 καί
617 1224 667 1291 ὅτι
687 1225 743 1291 καί
754 1227 928 1312 σφάλματα
942 1234 1105 1314 προσῆσαν
1122 1232 1240 1311 αίτοῖς,
1258 1252 1333 1314 πορ-

247 1330 318 1393 νεία
345 1330 401 1391 καί
432 1328 669 1410 γαστριμαργία
702 1325 839 1409 (γάμους
869 1325 929 1409 γὰρ
955 1322 1141 1412 α’λλοτρίους
1160 1325 1391 1411 ἑξόραττονιο

247 1429 304 1491 καί
321 1425 359 1491 τὰ
380 1429 456 1509 κρέα
479 1423 538 1509 πρὸ
562 1429 619 1490 τοτ’Ι
643 1420 837 1509 ἆγιασθήναι
857 1421 1006 1515 ἤσθιον),
1026 1425 1084 1511 τήν
1103 1431 1139 1492 tt
1160 1431 1216 1513 τῆς
1236 1432 1332 1508 κιβω-

247 1530 306 1590 τοῦ
326 1527 546 1607 αἰχμαλωσίαν
570 1518 626 1591 otiu
645 1521 777 1608 ἑνεγκών
791 1526 976 1590 καταπίπτει
994 1526 1051 1591 τοῦ
1072 1524 1190 1612 θρόνον
1209 1528 1264 1590 καί
1283 1550 1333 1589 τε-

247 1627 345 1709 λευτᾷ
355 1648 365 1668 ·
397 1621 490 1706 ἔτυχε
509 1621 572 1709 γὰρ
593 1624 664 1689 τότε
685 1622 763 1687 κατά
786 1647 822 1705 γε
841 1622 898 1699 τοὶς
918 1622 1022 1699 πύλας
1039 1630 1100 1691 τοῦ
1122 1623 1213 1713 ἱεροῦ
1230 1620 1334 1709 καθή-

247 1746 343 1805 μενος
364 1722 420 1789 ε’πί
437 1725 572 1809 δίφρου,
594 1717 674 1787 ὄντοό
696 1725 753 1787 καί
771 1718 801 1785 (ἴ
822 1720 943 1805 βιώσας
965 1720 1031 1809 ἔτη.

336 1821 401 1906 Τήν
427 1826 533 1904 μέντοι
563 1819 694 1904 κιβωτὸν
721 1819 750 1886 οἱ
771 1826 983 1889 Παλαιστινοί
1012 1820 1157 1905 λαβόντες
1178 1824 1224 1899 είς
1243 1818 1389 1894 uttam

240 1922 385 2000 ’Ἇζωτον
401 1918 603 2003 αἰχμάλωτον
621 1916 749 2007 ἤγαγον.
791 1918 861 1987 τότε
880 1921 936 1987 κατ’
954 1920 1070 2005 Δαγοὸν
1089 1925 1258 2006 συνετρίβη
1278 1923 1334 2004 τῆς

219 2022 366 2095 cointae
395 2018 505 2097 ἐνστὰς
523 2022 619 2106 ἕδρας
640 2020 696 2085 καί
716 2020 760 2096 ὥς
788 2022 823 2085 ἐν
850 2019 992 2105 σχήματι
1012 2024 1260 2105 προσκυνοῦντος
1279 2042 1335 2084 πε-

249 2117 323 2183 σών.
366 2117 464 2199 ἔδειξε
488 2119 550 2205 γὰρ
573 2116 590 2183 ὁ
611 2118 688 2195 θεὸς
700 2122 840 2185 ἐνταῦθα
862 2117 911 2186 ὅτι
932 2122 992 2202 οὐχ
1010 2116 1054 2196 ὥς
1075 2118 1213 2204 α’σθενής
1227 2122 1335 2207 ᾐχμα-

248 2222 387 2303 λωτίσθη
418 2214 439 2302 ή
467 2218 599 2301 κιβωτός
632 2223 677 2306 (εἰ
693 2219 755 2304 γὰρ
785 2222 876 2284 τοῦτο
895 2212 956 2303 η’ν,
976 2218 1032 2283 οὐκ
1055 2214 1096 2283 tir
1118 2222 1156 2307 τῇ
1176 2220 1335 2305 παρουσία

249 2318 347 2401 αὐτῆς
378 2316 489 2392 ὅθεὸς
509 2320 615 2383 ου’τῶν
632 2316 748 2403 Δαγών
779 2318 964 2403 συνετρίβη,
999 2311 1116 2405 [ὥστε]
1144 2322 1177 2383 εί
1194 2316 1239 2401 μή
1260 2320 1390 2381 &asban

248 2416 346 2500 χάρις
373 2419 495 2501 προσῆν
523 2419 638 2503 αὐτῇ),
670 2418 968 2503 αἰχμαλωτισθήναι
996 2420 1032 2483 δὲ
1049 2414 1258 2503 συνεχωρήθη
1279 2412 1335 2480 διὰ

321 2622 365 2659 ar.
385 2604 466 2681 αὐτῇ]
486 2608 518 2664 lv
536 2607 606 2681 ου’τῇ
624 2610 653 2666 Ρ.

254 2768 419 2821 demonstrat
435 2767 548 2821 bistoria
573 2788 633 2822 cunr
661 2770 693 2823 iis
719 2789 790 2843 quae
818 2788 895 2826 arcae
912 2774 1070 2844 populoque
1087 2772 1214 2825 lsraelico
1232 2770 1337 2824 sociale-

253 2848 325 2891 runt.
344 2856 406 2889 nutu
424 2848 452 2891 et
469 2840 543 2893 Elius
574 2842 720 2893 miserabili
739 2845 793 2895 line
810 2847 890 2895 vitam
917 2846 1037 2908 claudit,
1056 2844 1220 2897 etbostiurn
1239 2845 1268 2895 in
1284 2860 1337 2913 po·

253 2917 379 2961 testatem
398 2926 458 2960 arca
475 2914 572 2971 venit,
591 2922 618 2965 et
637 2914 726 2982 gladio
747 2916 864 2983 populus
882 2916 1021 2967 occiditur.
1041 2917 1142 2984 qnippe
1160 2915 1274 2966 ludaeos
1287 2916 1339 2965 Pa·

252 2981 361 3031 laestini
381 2978 456 3031 bello
478 2982 627 3047 invadunt,
645 2986 749 3053 praelio
776 2987 848 3037 inter
865 3004 893 3037 se
911 2988 1020 3055 utrique
1040 2985 1263 3053 congrediuntur,
1281 2985 1338 3035 tle.

253 3048 397 3101 braeorum
417 3050 452 3101 od
470 3062 599 3120 quattuor
616 3056 690 3107 milis
708 3056 817 3111 cadunt.
838 3058 901 3107 hinc
918 3075 978 3108 arca
996 3058 1113 3108 lsraelici
1133 3056 1258 3119 advecta,
1275 3072 1338 3106 cum

255 3138 286 3172 ea
304 3122 333 3171 in
351 3120 442 3173 hostes
462 3123 587 3187 irrumat,
604 3127 678 3193 quod
696 3129 806 3178 omnino
835 3128 953 3179 futurum
972 3126 1140 3179 confiderent
1158 3134 1189 3178 ut
1206 3144 1237 3178 ea
1257 3142 1339 3194 prae-

255 3200 331 3243 sente
349 3194 499 3260 superiores
519 3195 572 3264 ipsi
596 3212 645 3265 pro
664 3214 736 3249 nrore
757 3197 934 3249 discederent.
961 3206 1137 3250 conseruntur
1155 3214 1217 3266 crgo
1234 3211 1338 3260 manus,

255 3264 438 3313 Hebraeorum
450 3264 560 3331 plurimi
574 3266 682 3330 cadunt,
702 3285 763 3319 arca
780 3269 838 3338 ipra
854 3269 888 3319 ab
906 3268 1029 3321 hostibus
1045 3268 1225 3338 intercipitur.
1244 3284 1339 3337 quarn-

256 3334 348 3384 obrem
368 3334 516 3387 infeliciter
534 3346 623 3404 gestae
642 3340 680 3389 rei
700 3340 802 3391 tristem
820 3342 944 3391 nuntium
963 3340 1038 3391 Elius
1051 3339 1164 3409 accipit,
1181 3356 1213 3390 ac
1229 3355 1338 3389 suorum

256 3404 366 3473 quidem
391 3404 507 3457 liliorum
534 3408 674 3459 interitum
696 3427 826 3478 generoso
855 3411 909 3461 sert
925 3411 1030 3473 animo,
1058 3408 1132 3479 quod
1150 3411 1170 3460 ii
1189 3409 1263 3461 vitiis
1282 3408 1339 3459 ruis

255 3492 310 3525 nou
329 3475 492 3541 caruissent,
512 3479 667 3531 scortationi
687 3498 716 3531 ac
737 3481 859 3531 ltrxurias
878 3480 965 3533 dediti
983 3482 1189 3551 (consummant
1204 3480 1276 3531 enirn
1293 3486 1339 3530 to-

257 3562 301 3597 ros
321 3545 424 3596 alienos
452 3549 589 3616 polluere,
609 3550 763 3620 oblatisque
784 3551 836 3602 deo
856 3551 981 3602 carnibus
1001 3562 1065 3603 ante
1082 3553 1153 3602 vesci
1171 3568 1252 3620 quam
1271 3566 1338 3599 con-

258 3626 375 3667 secratae
402 3617 514 3688 sorent):
542 3638 633 3671 verum
659 3622 694 3672 ob
714 3638 791 3672 arcae
816 3623 999 3691 captiuitatem
1026 3622 1181 3691 gravissime
1198 3620 1338 3691 perculsus

258 3688 326 3737 salio
344 3703 392 3737 suo
412 3686 565 3752 delabitur,
583 3708 699 3760 olorque
724 3692 832 3743 vivendi
852 3694 933 3745 linem
950 3694 1024 3743 facit
1041 3710 1103 3743 num
1121 3693 1191 3744 forte
1211 3700 1268 3743 turn
1286 3705 1338 3759 pro

259 3758 351 3825 templi
371 3758 475 3809 loribus
495 3762 523 3811 in
543 3760 610 3811 sella
636 3764 756 3815 versatili
783 3764 943 3816 consederat
966 3780 1052 3815 annos
1070 3764 1124 3814 ianr
1141 3764 1288 3831 nonaginta
1309 3767 1339 3812 et

258 3838 319 3879 octo
340 3838 427 3879 natus.

327 3900 419 3949 Arcam
439 3898 585 3949 Palaestini
603 3899 637 3949 ab
656 3918 685 3951 se
705 3912 808 3971 captam
829 3905 857 3955 in
872 3902 1001 3974 oppidum
1016 3905 1127 3956 Azotum
1148 3902 1273 3955 evehunt
1289 3916 1341 3951 rre-

258 3986 312 4037 que
331 3969 416 4019 multo
436 3979 498 4037 post
517 3972 608 4036 Dagon
628 3973 687 4023 loco
706 3990 755 4023 suo
774 3984 861 4026 motus
882 3985 936 4036 est,
954 3976 1103 4045 altioreque
1122 3984 1208 4027 terrae
1227 3988 1341 4025 venera-

258 4040 344 4091 bundi
368 4042 485 4109 speciem
513 4056 601 4090 coram
632 4060 692 4093 area
719 4054 868 4111 prostratus
896 4046 1025 4097 exhibuit
1051 4046 1140 4097 voluit
1164 4055 1253 4095 nutent
1272 4044 1340 4093 deus

259 4111 402 4161 ostendere.
421 4128 475 4163 uon
495 4128 527 4161 ex
548 4112 734 4165 imbecillitate
747 4115 861 4185 quandam
877 4134 924 4167 suu
937 4118 1020 4168 luisse
1038 4126 1141 4185 raptam
1159 4132 1259 4167 arcam:
1277 4130 1340 4165 nam

259 4182 417 4249 caeteroqui
442 4182 509 4235 deus
528 4182 741 4239 adversariorum
758 4188 854 4257 Dagon
872 4204 933 4241 arcs
950 4196 1092 4259 praesente
1109 4204 1166 4243 nun
1182 4187 1279 4241 luisset
1296 4190 1340 4237 at·
