3000 4859
273 295 353 397 rrt
604 315 824 412 urcusnus
853 311 1017 380 curcua

346 471 440 558 Πρός
460 470 496 536 δι’
515 492 550 556 ys
570 476 635 547 τοῖς
653 472 839 554 εἰρημένοις,
860 462 1075 550 ἓλιττομίνους
1091 463 1236 552 α’λλὴλοις
1257 464 1354 550 γίνω.

262 599 319 643 oxa
337 572 414 649 τούς
431 563 521 658 όφεις
540 568 726 652 σ’χεύεσθαι,
739 567 826 634 ιιαθά
851 565 891 654 δη
910 570 965 632 καί
985 565 1058 642 τούς
1078 567 1205 649 ἐχίνους
1219 564 1354 648 ύρθίους

262 673 448 756 ἱσταμένους
462 667 517 735 διά
538 666 597 754 τήν
611 661 768 734 ἄκανθαν.
795 670 826 732 εἰ
846 671 882 732 δὲ
901 669 957 732 καί
974 663 1031 751 τὴν
1044 669 1147 730 αἰτίαν
1161 663 1269 748 βούλει
1287 689 1353 746 μα-

181 769 333 842 modste
348 774 388 837 δι’
409 768 449 854 ἢν
468 767 499 833 οἶ
520 760 611 854 όφεις
623 770 781 851 χειμῶνος
798 769 858 850 μὲν
878 770 917 854 τῇ
936 770 977 854 γῇ
995 765 1217 846 καταδύονται,
1234 767 1353 846 θέρους

218 888 226 906 “
262 877 299 940 δὲ
316 870 391 949 τούς
411 862 478 933 άνω
490 869 605 956 τόπους
636 868 836 951 ἐπιζητοῦσι,
858 865 967 953 σαφὴς
997 859 1046 930 ότι
1073 867 1129 928 κατ’
1158 859 1242 948 αύτη
1272 863 1380 930 doadi

259 970 386 1058 ψυχρός
405 969 424 1033 ό
446 959 522 1056 όφις
541 970 612 1034 dori
630 971 688 1034 ιιαί
707 966 803 1052 ξηρός
823 965 879 1032 καί
898 961 1060 1050 νευρύδης
1079 967 1135 1030 καί
1152 960 1351 1046 ὀλιγύαιμος,

259 1075 310 1160 ἐφ’
328 1064 355 1160 ᾧ
371 1069 426 1136 καί
439 1067 514 1144 τούς
534 1062 676 1151 θερμούς
697 1065 751 1132 der*
772 1063 896 1142 τύπους.
909 1068 942 1146 ἐξ
965 1064 1101 1148 ἀνάγκης
1121 1065 1277 1148 ἐπιζητεῖ·
1297 1067 1354 1126 ιιαί

260 1169 369 1253 ἐπειδὴ
391 1171 548 1253 χειμῶνος
568 1172 628 1249 μὲν
647 1164 668 1252 ἦ
691 1161 854 1252 θερμότης
880 1163 965 1232 κάτω
976 1173 1095 1248 χωρεῖν
1116 1160 1222 1244 εἴωθε,
1235 1163 1351 1248 θέρους

260 1273 297 1336 δὲ
319 1265 443 1335 druso
465 1269 658 1348 ἐπιπολάζει,
679 1263 734 1332 διά
758 1268 853 1330 τούτο
871 1263 927 1330 καί
945 1259 1132 1342 τάςὲαυτοῦ
1153 1259 1251 1344 νομάς
1272 1261 1352 1344 πρός

258 1393 295 1452 γε
313 1368 373 1453 τὴν
391 1373 450 1434 τού
469 1369 564 1452 α’ἑρος
583 1362 778 1431 κατάστασιν
792 1363 986 1430 ὑπαλλάττει
1006 1353 1125 1450 disper.
1147 1356 1207 1447 ὅρα
1219 1359 1281 1445 γάρ
1303 1353 1350 1424 ότι
1367 1378 1403 1420 ro

260 1468 317 1533 καί
334 1465 374 1533 τά
401 1473 577 1553 φρεατιαῑα
608 1463 710 1529 &aava
738 1466 856 1550 θέρους
884 1465 946 1546 μὲν
963 1460 1111 1547 τυγχάνει
1130 1459 1261 1546 ψυχρά,
1283 1481 1352 1541 χει-

258 1572 365 1650 μῶνος
385 1569 422 1631 δὲ
448 1566 585 1648 θερμάυ
608 1567 783 1649 τηνικαῦτα
815 1566 871 1628 καί
888 1560 951 1647 γάρ
974 1566 1028 1648 τῆς
1046 1561 1247 1646 ψυχρότητος
1269 1551 1352 1624 άνιο-

259 1669 319 1732 θεν
340 1661 594 1748 ἐπιπολαζούσης
613 1666 659 1738 τίς
677 1661 713 1728 τό
726 1662 829 1745 βάθος
850 1658 871 1746 ἦ
894 1661 1050 1746 θερμότης
1069 1669 1185 1745 χαρεί,
1205 1655 1279 1726 ὅθεν
1298 1659 1356 1724 καί

230 1762 367 1851 ιιθερμά
391 1762 543 1848 τυγχάνει
562 1759 640 1827 κατά
654 1784 689 1846 γε
707 1760 764 1828 τόν
782 1764 927 1844 χειμῶνα
945 1759 985 1826 τά
1008 1757 1118 1828 ύδατα.
1160 1758 1217 1844 τήν
1236 1782 1270 1825 τε
1289 1756 1353 1842 γάρ

256 1865 450 1949 ψυχρότητα
463 1862 519 1928 καί
535 1862 718 1946 θερμότητα
740 1859 822 1926 κατά
835 1883 873 1944 ys
892 1859 944 1925 τὸν
966 1857 1062 1924 αύτόν
1084 1857 1179 1924 τόπον
1199 1857 1256 1924 καί
1273 1860 1404 1946 xpri-15
1460 1856 1464 1864 ’

259 1985 313 2029 νον
336 1959 405 2045 άμοι
424 1964 531 2042 μείειν
549 1961 570 2046 ηε
591 1959 690 2047 φύσις
711 1959 770 2024 osis
787 1961 1021 2044 ἐνομοθέτησεν.

342 2061 437 2128 Ἀλλά
466 2059 521 2125 καί
549 2063 643 2125 τοῦτο
671 2058 752 2145 πρός
770 2069 835 2135 τοῖς
861 2050 969 2136 ἄλλοις
988 2059 1108 2126 εἰδέναι
1127 2081 1164 2124 σε
1182 2054 1354 2140 βούλομαι.

259 2159 333 2237 τούς
367 2158 535 2245 μεγίστους
561 2151 664 2246 ’όφεις
693 2157 868 2246 δράκοντας
905 2155 1001 2223 εἴωθε
1037 2163 1143 2223 καλεῖν
1177 2158 1199 2242 ἦ
1230 2157 1356 2243 γραφή,

261 2259 320 2325 seni
338 2263 469 2343 μᾶλλον·
481 2259 575 2345 ἡνίκα
593 2260 671 2345 περί
689 2263 746 2343 τῆς
767 2258 891 2345 ῥάβδου
915 2260 997 2341 λέγει
1016 2259 1240 2338 τούΜοοσίας,
1256 2281 1357 2337 μετα-

259 2363 420 2445 βληθῆναι
437 2363 497 2441 μὲν
526 2361 572 2436 τίς
592 2351 667 2446 όφιν
686 2356 723 2422 τό
753 2354 927 2444 πρότερον,
947 2352 1008 2422 εἶθ’
1039 2353 1137 2433 αύτυις
1157 2359 1203 2432 τίς
1223 2353 1407 2440 δράκον-ἰο

199 2448 222 2512 ἰ
261 2484 318 2542 τα,
339 2459 515 2524 κάντεύθτν
530 2456 589 2534 τάς
611 2458 753 2544 ῥάβδους
780 2458 844 2524 τῶν
863 2457 1022 2522 insorduit
1042 2459 1102 2520 τού
1118 2450 1240 2539 Φαραώ
1262 2481 1358 2520 κατα-

262 2566 362 2642 πιεῖν,
384 2557 441 2625 καί
469 2553 573 2634 αύτάς
593 2559 693 2642 δῆθεν
712 2561 760 2634 τίς
781 2549 872 2644 όφτις
893 2556 1157 2652 μεταβληθείσιις.Ι
1200 2548 1281 2621 άλλά
1302 2558 1360 2638 καί

334 2732 359 2784 5.
378 2729 434 2806 dri]
452 2729 502 2784 di?
577 2731 689 2786 sormi
707 2729 810 2785 deerat.

333 2867 475 2919 Caeterum
485 2873 593 2936 praeter
609 2865 740 2920 hactenus
757 2865 877 2921 indicata
889 2869 957 2921 sctre
974 2863 1058 2920 dehes
1076 2867 1235 2920 convolutos
1245 2884 1359 2938 serpen-

263 2944 305 2990 tes
324 2941 413 2999 coire,
432 2937 663 3006 quemadmodum
687 2939 805 2991 erinacei
826 2948 955 2992 coeuntes
972 2939 1009 2990 ob
1027 2939 1118 3009 spinas
1137 2940 1204 2990 recti
1224 2948 1296 2991 stare
1313 2957 1358 2992 so-

263 3008 332 3059 lent.
351 3001 450 3077 quodsi
479 3024 587 3060 causam
611 3009 691 3063 lubet
719 3025 881 3079 cognoscere
904 3009 1079 3080 quamobrem
1110 3017 1249 3079 serpentes
1266 3011 1359 3074 hieme

247 3085 363 3129 ,terram
382 3077 515 3143 subeant,
543 3087 646 3133 aestate
671 3097 776 3133 rursum
796 3082 832 3132 ad
848 3081 909 3133 loca
927 3082 1065 3151 superiora
1083 3081 1233 3151 prodeant,
1252 3081 1361 3150 perspi·

264 3163 346 3200 cuum
363 3157 405 3201 est
421 3150 496 3202 illurn
518 3148 675 3204 huiusmodi
692 3153 830 3223 quandam
849 3169 916 3204 esse.
928 3161 1025 3204 natura
1047 3169 1157 3221 serpens
1177 3151 1289 3220 frigidus
1307 3159 1359 3212 est,
1390 3213 1396 3224 .

264 3219 367 3284 siccos,
385 3236 528 3284 neruosus,
548 3222 638 3292 exigui
650 3225 808 3292 sanguinis,
831 3239 886 3294 quo
905 3222 936 3274 fir
948 3231 981 3275 ut
998 3224 1149 3276 necessario
1169 3223 1229 3274 loca
1251 3238 1361 3292 semper

264 3289 354 3340 calida
372 3300 493 3361 quaerat.
510 3309 627 3363 cumque
647 3311 696 3364 per
712 3294 829 3346 hiemem
848 3295 923 3346 calor
942 3293 978 3345 ad
993 3295 1046 3346 ima
1064 3293 1178 3346 tendere
1194 3294 1290 3356 soleat,
1310 3310 1361 3362 per

264 3368 396 3413 aestatem
421 3379 526 3415 sursum
552 3365 582 3414 in
608 3365 752 3435 superficie
778 3374 866 3418 terrae
897 3365 974 3436 quasi
998 3363 1186 3434 dispergatur,
1213 3373 1361 3434 propterea

265 3445 378 3501 serpens
402 3433 484 3485 etiam
512 3435 637 3504 regiones
665 3437 781 3506 locaque
806 3454 855 3488 sua
871 3453 920 3506 pro
950 3435 1020 3488 atris
1039 3436 1234 3488 constitutione
1253 3443 1361 3487 mutare

265 3503 416 3555 consuevit
434 3521 498 3573 nam
516 3512 545 3556 et
563 3521 650 3575 aquae
661 3509 785 3577 puteales
801 3523 851 3576 per
869 3513 997 3559 aestatem
1011 3505 1124 3576 frigidae
1141 3514 1212 3570 sunt,
1229 3521 1279 3576 per
1297 3505 1362 3557 hie-

266 3589 338 3624 mem
357 3573 471 3626 calidae.
488 3583 553 3627 tuno
571 3577 643 3629 enim
661 3577 760 3647 frigore
777 3587 868 3648 partes
886 3586 1032 3648 puteorum
1052 3593 1189 3648 supremas
1207 3583 1360 3647 occupante

216 3639 224 3654 '
267 3645 342 3696 calor
360 3644 395 3696 ad
413 3646 469 3698 ima
485 3645 583 3699 tendit.
601 3664 672 3719 quae
693 3665 773 3701 causa
793 3657 842 3712 est,
861 3663 909 3700 cur
927 3647 1058 3700 eiusmodi
1068 3665 1155 3719 aquae
1175 3663 1224 3718 per
1242 3646 1361 3699 hiemem

267 3712 382 3767 caleant.
402 3717 505 3787 quippe
524 3727 621 3770 natura
639 3735 812 3789 nequaquam
830 3719 950 3771 instituit
968 3727 999 3771 ut
1019 3719 1102 3790 frigus
1116 3727 1200 3790 atque
1218 3720 1292 3772 calor
1311 3733 1361 3770 eo-

269 3785 331 3837 dem
350 3787 381 3837 in
396 3785 458 3839 ioco
476 3787 628 3860 eodemque
645 3799 768 3859 tempore
787 3790 868 3846 simul
885 3789 1010 3842 existant.

339 3857 410 3908 Volo
428 3867 457 3910 te
475 3856 528 3910 hoc
548 3875 658 3931 quoque
677 3869 786 3930 praeter
807 3862 929 3931 exposita
949 3862 1025 3926 scire,
1043 3873 1187 3912 consuesse
1206 3875 1293 3912 sacras
1311 3859 1361 3910 lite

266 3931 341 3978 teras
361 3935 500 3998 serpentes
517 3931 647 3984 maximos
664 3932 804 4002 appellare
821 3932 968 3993 dracones,
989 3933 1147 4003 praesertim
1165 3947 1226 3982 eum
1246 3929 1281 3981 de
1298 3930 1361 3982 Mo-

198 4004 206 4016 ‘
268 3996 305 4047 sis
323 3998 397 4065 virga
414 3999 582 4068 loquuntur,
599 4002 684 4054 inisse
703 4001 817 4072 quidem
835 4005 911 4056 illam
926 4005 1001 4074 prius
1018 4005 1047 4056 in
1065 4009 1218 4072 serpentem
1238 4017 1361 4053 commu-

269 4075 353 4120 tatam
370 4085 464 4122 verum
490 4071 619 4142 deinceps
640 4073 669 4123 in
687 4071 852 4138 draconem,
876 4091 907 4126 ac
926 4073 1074 4126 secuudum
1092 4073 1159 4124 haec
1175 4073 1262 4140 uirgas
1279 4087 1360 4140 prae-

269 4139 438 4206 stigiatorum
446 4139 590 4197 Pharaonis
608 4142 760 4206 devorasse,
778 4161 847 4212 quse
866 4155 895 4198 et
909 4145 985 4213 ipsae
998 4147 1026 4196 in
1044 4153 1182 4213 serpentes
1198 4149 1273 4195 erant
1284 4157 1360 4192 τοπο-
1426 4171 1434 4208 ,ι

270 4218 396 4271 mutatae.
423 4210 520 4266 itidem
543 4222 619 4270 rates
636 4215 686 4266 ille
703 4215 821 4270 Derides
846 4215 880 4268 ds
898 4225 1007 4268 cetaceo
1027 4231 1126 4285 genere
1144 4215 1260 4285 loquens
1278 4211 1361 4276 „dra-
