3000 4859
287 307 365 361 tra
622 299 838 366 mlcmtttls
866 299 1031 366 Guttae

279 451 426 535 σάμασιν
446 450 503 517 tu.
542 452 693 534 τριπλοῦν
713 452 749 516 δὲ
770 452 914 534 λέγουσιν
934 443 1074 515 εἶναιτὸ
1099 440 1183 526 εἶδος
1197 449 1262 516 eois
1275 452 1377 520 ἀσπί-

280 555 365 633 δων,
397 552 589 636 ἢλεγομένη
622 574 655 616 τε
683 549 838 636 χερσαία,
868 548 888 634 ἦ
914 549 1124 633 χελιδοναία,
1161 553 1218 616 καί
1249 547 1377 640 αῦτηῆ

280 648 393 726 mode.
411 648 529 716 οοῦιονν
547 644 596 714 ἑνί
613 653 676 716 τιῦν
693 653 792 734 τριοῦν
810 647 868 732 την
887 649 1036 730 βασιλίδα
1053 647 1262 735 Κλεοπάτραν
1283 651 1378 716 ἀναι-

282 752 425 834 ρεθῆναί
439 773 540 835 φασι,
557 753 670 814 λαθεῖν
686 753 900 832 βουληθεῖσαν
920 745 997 830 τοῦς
1018 744 1256 833 φυλάσσοντας,
1279 753 1376 832 ταχί-

283 873 327 924 σος
348 871 383 914 τε
403 846 461 912 καί
481 845 667 923 ἀνυπόπτως
690 848 875 912 ἀποθανεῖν.
908 841 924 910 ὅ
948 843 1007 930 γάρ
1031 837 1219 930 Λῦγουστος
1240 851 1406 934 Καῖσαρ5

285 947 424 1032 νενίκηκε
441 948 573 1032 ταύτην,
611 946 667 1011 καί
685 950 854 1031 βουληθείς
872 943 1028 1033 >dormtum
1047 948 1250 1032 παραδοῦναι
1272 948 1356 1038 αὐτῇ
1363 997 1374 1030 ,

204 1040 364 1131 Emoda
383 1049 419 1115 δὲ
436 1047 493 1110 καλ
510 1048 790 1134 θριαμβευθῆνοι,
827 1038 865 1110 οῦ
886 1043 983 1111 καλδν
1000 1043 1085 1131 αὐτῇ
1105 1050 1294 1130 προυξένησε
1313 1045 1376 1129 μα’-

283 1169 350 1232 ρον.
391 1154 522 1212 συνεῖσα
543 1145 602 1230 γάρ
619 1145 720 1232 ἐκείνη
741 1143 777 1209 τῦ
804 1146 932 1229 δρᾶμα,
954 1144 1126 1210 κάντεῦθεν
1141 1147 1175 1224 ἐξ
1197 1141 1376 1230 ἀνθρώπων

282 1249 428 1330 γενέσθαι
458 1246 580 1310 δίκαιον
612 1245 768 1330 κρίνασα,
798 1243 852 1309 διά
874 1268 968 1308 τινοιν
996 1245 1053 1308 δῦο
1075 1248 1234 1326 γυναικοῖν
1254 1237 1374 1328 αῦτῆς,

283 1348 427 1430 Ναείρας
455 1342 510 1409 καί
531 1345 735 1429 Χαρμιὸνης,
770 1340 825 1409 τδν
853 1339 970 1427 ἑαυτῆς
995 1342 1132 1408 θάνατον
1150 1345 1275 1433 μελετᾷ.
1318 1342 1372 1408 διά
1388 1363 1426 1408 ιο

282 1448 358 1529 γοῦν
393 1446 587 1509 καλαθίσκον
614 1439 696 1518 τινὸς
725 1443 808 1508 σῦκα
834 1444 890 1508 καί
922 1439 1090 1530 σταφυλάς
1110 1440 1257 1526 ἔχοντος,
1275 1439 1376 1526 χάριν

282 1547 340 1610 τοῦ
361 1546 471 1609 λαθεῖν
504 1540 579 1618 τοῦς
613 1537 716 1627 αῦιην
738 1540 980 1627 φυλάσσοντας,
1000 1541 1161 1624 είσάγεται
1180 1539 1215 1608 ad
1239 1545 1372 1626 θηρίον·
1412 1569 1422 1590 ·

283 1645 340 1707 καί
357 1644 469 1724 πρῦτα
492 1645 553 1722 μὲν
582 1635 660 1706 oded
696 1649 767 1716 ταῖς
791 1641 921 1722 γυναιξί
947 1637 1133 1725 δοκιμάζει,
1164 1635 1235 1707 εἶτα
1254 1645 1375 1724 γνοῦσα

283 1737 326 1816 ὥς
356 1738 411 1818 ῦξῦ
442 1737 478 1804 τῦ
510 1741 627 1824 θηρίον
660 1741 706 1816 εἰς
727 1738 911 1824 ἀναίρεσιν,
940 1740 1082 1804 θέλουσα
1114 1742 1149 1806 δὲ
1166 1739 1223 1806 καί
1242 1741 1376 1825 εάγενιῦς

282 1843 482 1921 ἀποθανεῖν,
507 1836 564 1922 την
598 1835 768 1920 βασιλικὴν
796 1835 942 1902 ἐνδύεται
969 1845 1105 1924 στολην,
1136 1842 1192 1904 καί
1209 1835 1312 1916 οῦτως
1335 1840 1371 1904 τὸ
1387 1845 1425 1908 ι5

197 1953 230 2008 V.
239 1953 274 2022 46
281 1939 395 2025 θηρίον
412 1939 636 2022 προσβαλοῦσα
649 1941 693 2026 τῷ
712 1939 871 2026 ἀριστερῷ
882 1938 976 2027 μαζῷ
996 1929 1081 2025 (ᾔδει
1100 1937 1161 2024 γάρ
1183 1941 1283 2005 ἐκεῖσε
1302 1938 1374 2006 νεῦ-

252 2059 330 2110 Βειν
350 2037 408 2123 τὴν
427 2037 575 2124 καρδίαν)
600 2041 771 2120 βασιλικοῖς
799 2035 1013 2124 ἀποθνήσκει·
1062 2039 1119 2103 καί
1144 2035 1207 2124 γάρ
1230 2043 1375 2122 λέγουσιν

283 2140 382 2222 αὐτῆς
401 2134 574 2222 εῦρεθῆνιιι
595 2135 653 2220 την
673 2135 780 2214 δεξιάν
790 2145 885 2220 χεῖρα
898 2137 1097 2222 ἐπικειμένην
1119 2141 1158 2226 τῇ
1179 2143 1300 2227 κεφαλῇ
1320 2141 1376 2206 καί

282 2238 319 2305 τῦ
341 2238 484 2323 διάδημα
518 2240 719 2324 κρατοῦσαν,
747 2235 801 2302 ἵνα
820 2239 919 2319 μέχρι
946 2234 1019 2302 τότε
1043 2245 1108 2314 τοῖς
1129 2235 1228 2324 δρῶσι
1248 2237 1374 2320 βασιλίς

281 2331 365 2404 odon
383 2341 547 2423 βλέπηται.
586 2334 709 2401 τούτων
735 2337 844 2418 μέντοι
865 2336 927 2400 τοῖν
946 2336 1071 2418 θηρίων
1100 2333 1333 2422 ἐμνημόνευσεν
1356 2337 1424 2402 δυο

278 2436 439 2522 Γαληνός,
459 2434 519 2521 τὴν
540 2439 574 2516 ἐξ
595 2430 672 2501 ῦλου
690 2435 748 2502 τοῦ
770 2432 915 2518 σώματος
928 2435 1034 2500 adreio
1053 2436 1213 2500 διδάσκων
1236 2436 1373 2524 διαφθο-

280 2535 361 2624 ράν,
384 2539 442 2602 καί
471 2535 515 2614 οῦς
545 2535 586 2599 ου’
607 2532 673 2622 χρη
702 2539 748 2622 aigi
768 2532 948 2624 φαρμάκῳ,
976 2537 1019 2623 τῇ
1048 2538 1191 2624 θηριακῇ
1211 2535 1372 2622 δηλονότι,

349 2687 376 2740 6.
393 2684 499 2753 odaia?

281 2839 406 2913 aspidum
431 2855 515 2908 genos
533 2854 593 2891 esse
614 2837 733 2909 triplex,
748 2837 873 2910 fquarum
890 2841 961 2895 aliae
979 2841 1104 2894 dicanmr
1123 2849 1283 2906 terrestres,
1301 2843 1371 2898 aliae

281 2911 493 2974 chelidonaeae,
516 2911 593 2980 quasi
619 2907 695 2963 dicas
725 2910 919 2978 hirundineae,
947 2913 1017 2965 aliae
1047 2912 1177 2982 plyades,
1205 2913 1241 2966 de
1270 2915 1372 2984 quibus

282 2985 392 3037 dictum.
421 2998 455 3032 ex
483 2979 524 3033 bia
545 2979 633 3033 tribur
662 2999 716 3033 sana
734 2983 844 3050 reginae
864 2984 1023 3053 Cleopatrae
1050 2993 1164 3036 mortem
1183 2985 1291 3048 attulit,
1311 3003 1372 3040 cum

280 3054 377 3108 fallere
395 3053 522 3104 custodes
549 3050 688 3104 adhibitos
713 3053 768 3104 sibi
792 3054 877 3106 vellet
902 3072 934 3106 ac
951 3054 1077 3106 celeriter
1096 3056 1216 3125 citraque
1237 3056 1372 3126 suspicio·

279 3141 343 3177 nem
360 3139 468 3176 omnem
486 3123 564 3174 mori.
580 3123 684 3175 vicerat
702 3125 775 3176 enim
801 3125 871 3176 hano
888 3127 1022 3194 Augustus
1043 3125 1159 3198 Caesar,
1178 3143 1294 3197 cumque
1312 3127 1371 3180 vel-

280 3197 322 3248 let
338 3212 396 3248 eam
413 3211 472 3247 sese
495 3211 555 3246 cum
573 3194 691 3246 Antonio
714 3194 834 3260 dedere,
853 3213 908 3266 quo
934 3196 968 3249 de
987 3197 1045 3266 ipsa
1063 3196 1250 3265 triumpharet,
1269 3197 1304 3250 ad
1325 3215 1372 3266 ge-

279 3284 332 3319 nus
348 3266 400 3318 boc
416 3266 510 3318 mortis
529 3265 736 3334 excogitandum
754 3267 893 3330 mullerem
911 3266 1010 3336 adegit
1029 3285 1091 3319 narn
1110 3265 1157 3319 ubi
1174 3267 1241 3341 quid
1259 3269 1372 3320 molire·

280 3346 327 3389 tor
343 3337 479 3405 Augustus
503 3336 701 3401 intellexisset,
728 3337 852 3408 ideoque
877 3346 950 3391 recte
967 3353 997 3390 ae
1024 3337 1154 3390 secturam
1173 3339 1327 3404 statuisset,
1347 3341 1371 3392 si

280 3409 479 3478 quamprimum
501 3409 584 3460 vitam
608 3407 796 3476 abrumperet,
825 3407 939 3460 duarum
963 3407 1133 3478 quarundam
1150 3409 1370 3462 muliercularum

200 3507 205 3514 ·
280 3495 374 3547 opera,
392 3479 517 3529 nimirum
537 3477 636 3529 Nairae
654 3495 686 3530 ac
703 3478 895 3544 Cbarmloner,
917 3478 951 3530 ad
969 3487 1084 3530 mortem
1098 3481 1156 3532 eibi
1173 3480 1370 3534 conciliandam

280 3551 374 3601 utitur.
391 3550 485 3618 itaque
504 3547 619 3601 fallendi
631 3549 758 3602 custodes
772 3565 851 3602 causa
863 3551 892 3602 in
905 3549 1031 3619 quasillo,
1047 3567 1102 3628 quo
1114 3551 1158 3602 fici
1170 3560 1198 3602 et
1216 3567 1284 3603 uvae
1305 3568 1370 3604 con·

279 3618 448 3682 linebantur,
464 3619 499 3670 ad
510 3636 568 3672 eam
580 3621 653 3689 aspis
668 3620 793 3672 insertur.
809 3620 867 3670 eius
877 3621 931 3672 vim
952 3621 1067 3689 primum
1083 3621 1112 3672 in
1124 3621 1292 3674 mulierculis
1303 3622 1370 3692 ipsis

280 3691 412 3760 explorat.
436 3689 536 3743 deinde
561 3693 669 3760 cognito
685 3691 830 3742 bestiolam
850 3689 884 3742 ad
904 3689 1054 3742 necandum
1073 3691 1281 3764 efficacissimam
1301 3709 1370 3758 ease,

279 3762 361 3814 simul
388 3763 511 3830 extingui
529 3777 659 3831 generose
679 3761 865 3830 nobiliterque
886 3761 995 3824 volens,
1013 3763 1086 3832 regio
1104 3781 1134 3816 se
1152 3773 1248 3816 ornatu
1268 3762 1370 3816 induit.

204 3855 210 3865 ’
278 3830 867 3973 :tttltttt‘tltt‘llttu
881 3832 1370 3974 ttglttl‘tttt‘tttt‘ttl

277 3983 415 4044 repertam
436 3991 546 4026 manum
572 3974 658 4044 ipsius
680 3972 802 4026 dextram
823 3975 978 4044 impositam
995 3975 1091 4045 capiti,
1112 3993 1165 4046 qua
1183 3975 1310 4028 diadema
1328 3975 1371 4028 te-

165 4095 175 4106 ,
277 4054 365 4108 neret,
383 4054 415 4098 ut
431 4054 488 4097 tum
509 4060 619 4116 quoque
639 4044 825 4111 spectantibus
843 4046 962 4114 reginam
980 4063 1009 4098 se
1023 4045 1187 4098 ostenderet.
1205 4046 1298 4098 harum
1316 4047 1370 4116 igi.

277 4124 324 4168 tur
340 4115 488 4170 bestiarum
507 4116 626 4167 Galenus
644 4115 812 4167 mentionem
832 4115 915 4178 lecit,
935 4134 989 4186 quo
1010 4126 1089 4186 pacto
1108 4118 1277 4185 perniciosae
1296 4119 1369 4182 sint,

279 4203 313 4240 ex
331 4195 390 4241 toto
411 4202 524 4260 corpore
542 4185 683 4240 declarans
689 4223 698 4252 ,
716 4187 853 4260 simulque
876 4187 1031 4260 significans
1049 4205 1105 4244 uon
1122 4187 1223 4244 debere
1240 4188 1370 4262 pharma-
