3000 4859
463 280 674 347 tumtunm
705 284 808 347 rans
839 288 865 347 1.
1149 259 1208 369 49

115 434 183 501 cinci
195 440 259 503 τῶν
278 430 455 523 pomponio
478 440 754 523 παρασημείωσις,
774 435 833 505 ίὰν
845 437 889 522 μὴ
904 460 953 514 τις
972 440 1054 522 ιιίρα
1073 438 1130 501 τοῦ
1149 438 1207 519 με’-

114 558 191 619 τρου
225 539 261 612 ἐξ
292 533 398 599 αὐτῶν
417 545 534 619 σημεῖα
562 537 813 621 περιεργὰζηται.
852 534 953 601 πολλὰ
973 533 1111 621 μὲνγὰρ
1133 538 1209 620 περὶ

114 635 294 719 ἐπομβρίας
314 630 383 713 1ἔστι
406 640 540 717 μαθεῖν,
566 632 666 701 πολλὰ
690 638 725 699 δὲ
745 633 821 719 περί
839 630 974 717 αὐχμῶν
993 640 1048 700 καί
1065 633 1206 714 πνευμά-

114 759 177 799 των
197 734 350 818 κινὴσειος
384 727 407 817 ἡ
429 726 610 819 μερικῶνὴ
638 733 797 815 καθόλου,
817 734 932 815 βιαίων
953 727 1130 815 ἀνειμένων.
1172 736 1239 799 ‘ivn

89 834 174 915 δμὲρ
197 858 231 896 τι
252 834 313 897 ταῖν
326 831 388 895 cino
405 834 462 897 τοῦ
482 831 574 916 ἡλίου
595 835 894 917 ιιαραιλεικνυμένυν
913 835 969 897 καί
989 830 1005 897 ὅ
1017 833 1126 915 κύριος
1146 859 1208 899 τια-

113 932 253 1016 ρέδιοκεν
282 926 388 1013 ἡμῶν,
419 930 517 996 clunis
548 925 599 995 du
632 929 757 1014 χειμών
785 928 892 998 ἔσται·
944 928 1111 1015 ατυγνάζει
1143 930 1205 1017 γὰρ

113 1032 289 1115 παρριὶζων
322 1028 338 1093 ὁ
376 1025 524 1114 οὐρανός.
575 1027 703 1095 ἐπειδᾶν
727 1028 788 1114 γὰρ
811 1034 851 1094 δι’
875 1032 994 1114 α’χλύος
1016 1032 1037 1115 ἡ
1059 1028 1206 1117 α’ναφοροὶ

113 1133 261 1212 η’ἑνηται,
294 1128 517 1211 ιῖμανροῦνται
540 1130 600 1211 μὲν
628 1127 663 1193 αἱ
684 1122 807 1205 ἀκτῖνες
826 1134 885 1194 τοῦ
905 1130 1018 1214 ἡλίου,
1040 1125 1207 1215 ἀνθρακώ-

115 1232 171 1312 δης
193 1232 230 1291 δὲ
250 1231 305 1291 καί
328 1222 469 1313 ὕφαιμος
489 1226 546 1311 τὴν
561 1226 664 1311 χρόαν
685 1226 820 1313 ὁρᾶται,
841 1229 1018 1314 παχύτητος
1035 1233 1093 1294 τοῦ
1113 1230 1208 1314 α’έρος

77 1327 234 1412 ιοταύτην
263 1324 456 1412 ἐμποιούσης
487 1325 545 1412 τὴν
574 1332 755 1415 φαντασίαν
784 1337 855 1405 ταῖς
885 1323 1008 1411 ὄψεσιν.
1050 1326 1131 1417 α’λλα
1152 1327 1208 1393 καί

117 1424 244 1491 ἐπειδὰν
272 1425 290 1510 ἡ
314 1423 426 1510 σελὴνη
448 1424 732 1511 περιλιμνυίζηται,
767 1419 789 1511 ἡ
820 1422 934 1504 ὕδατος
955 1426 1067 1509 ἀερίου
1086 1430 1207 1510 πλῆθος

116 1520 250 1609 ἡυότου
278 1525 390 1608 βιαίαν
413 1524 532 1609 κίνησιν
559 1528 790 1609 ἐπαγγέλλεται.
832 1529 888 1591 καί
907 1531 952 1615 τῷ
974 1522 1052 1615 ἡλίῳ
1075 1527 1110 1591 δὲ
1130 1522 1207 1591 ὅταν

117 1625 149 1690 oi
171 1622 338 1709 λεγόμεναι
360 1618 426 1714 ἅληι
448 1628 704 1711 αεριγραφιόσιν,
728 1621 749 1711 ἡ
769 1629 825 1691 καί
844 1625 900 1699 odc
921 1624 1129 1707 ὀνομάζουσιν
1151 1627 1206 1691 ἅν-

118 1728 253 1808 θηλίους,
274 1719 352 1790 ὅταν
373 1729 662 1810 συμπεριτρὲχουσι
681 1726 718 1813 τῇ
738 1730 795 1791 τοῦ
818 1725 909 1808 ἡλίου
932 1730 1035 1814 φορᾷ,
1056 1730 1206 1807 συματωὲ

77 1824 221 1904 mistros
239 1830 336 1889 τινοῖν
358 1828 468 1907 καίρια
489 1832 605 1909 σημεῖα
625 1823 768 1908 γίνεται,
799 1820 904 1908 ὥσπερ
935 1818 992 1889 οὖν
1012 1828 1068 1889 καί
1087 1824 1122 1890 αῖ
1145 1822 1286 1911 (td-tat

120 1925 185 2001 βίοι
219 1922 252 1987 ol
272 1919 354 1987 κατὰ
377 1920 435 2005 τὴν
453 1918 558 2007 χρόαν
587 1925 644 2007 τῆς
672 1920 772 2005 ἴριδος
809 1926 854 1997 εἰς
876 1923 975 2007 ὀρθὸν
995 1933 1061 1999 τοῖς
1078 1928 1207 2010 νέφεσιν

120 2024 345 2108 ε’μφαινόμεναι
380 2013 519 2106 ὄμβρους
537 2025 608 2087 ’καί
626 2026 789 2105 χειμῶνας
817 2025 976 2099 ἐξαισίους
1006 2016 1025 2105 ἡ
1048 2018 1128 2099 ὅλως
1149 2022 1206 2107 τὴν

120 2122 170 2185 εἀί
185 2129 327 2187 πλεῖστον
346 2120 529 2205 μεταβολὴν
549 2124 607 2185 τοῦ
628 2123 721 2204 α’ἐρος
742 2122 946 2185 ἐνδείκνυται.
968 2119 1068 2183 πολλὰ
1093 2123 1127 2185 δὲ
1152 2126 1208 2186 καί

120 2223 190 2305 περί
207 2220 339 2305 σὲλὴνην
359 2224 574 2305 αυἜανομένην
594 2214 794 2305 ἡλὴγουσαν
814 2218 842 2283 ol
858 2218 978 2294 τούτοις
1000 2214 1205 2302 ε’σχολακόιες

75 2318 299 2404 τοτετηρὴκασι
321 2316 495 2405 σημειώίη,
520 2316 640 2396 uictori
660 2322 735 2403 περὶ
755 2322 813 2403 γὴν
833 2319 925 2403 ἀέρος
944 2314 1122 2402 ἀναγκαίως
1140 2328 1205 2394 τοῖς

116 2419 273 2504 σχήμασιν
303 2413 404 2503 odric
434 2418 796 2501 συμμεταβαλλομένου·
837 2416 934 2501 λεατὴ
957 2414 1097 2502 μὲνγὰρ
1122 2410 1204 2481 οὖσα

117 2516 193 2603 περὶ
213 2514 270 2602 τὴν
287 2520 397 2603 τρίτην
415 2512 536 2605 ἡμέραν
569 2518 624 2583 καί
643 2514 771 2604 καθαρά
794 2514 961 2603 σταθηράν
980 2516 1092 2581 εὐδίαν
1113 2540 1204 2583 κατε-

117 2816 224 2887 profert
237 2810 449 2891 ‚olsewauonos
472 2820 646 2873 luminarium
672 2822 808 2875 advitam
838 2820 984 2873 humanam
1013 2826 1078 2872 runt
1107 2835 1201 2873 neces-

116 2890 214 2953 sariae,
243 2891 297 2942 uisi
330 2895 390 2963 quis
419 2892 489 2944 ultra
513 2890 624 2945 modum
648 2900 676 2945 et
706 2894 837 2945 curiosius
863 2909 944 2961 quarn
970 2908 1020 2961 par
1049 2889 1086 2943 sit
1108 2907 1202 2943 eorum

116 2962 186 3027 signa
210 2962 359 3031 perquirat.
389 2980 452 3014 nem
470 2962 555 3013 multa
582 2962 616 3015 de
633 2964 852 3033 'tempestatibus
883 2963 982 3033 pluviis
1007 2961 1072 3012 hinc
1100 2978 1201 3030 coguo-

116 3046 184 3082 scere
201 3030 285 3095 licet,
317 3033 403 3085 multa
433 3033 468 3084 de
500 3034 651 3087 siccitatum
682 3043 879 3103 ventorumque
922 3034 1120 3096 concitatione,
1156 3032 1202 3084 vel

115 3102 313 3169 particularium
333 3103 377 3157 vel
395 3104 599 3167 universalium,
628 3104 670 3157 vel
692 3104 893 3158 vehementium
917 3104 961 3154 vel
978 3104 1091 3155 lenium.
1119 3102 1202 3153 nimi-

116 3188 170 3223 rum
197 3189 232 3225 ex
259 3174 294 3224 iis
329 3191 399 3245 quae
434 3175 476 3226 sol
506 3174 649 3226 ostendere
684 3177 839 3237 consuevit,
872 3191 956 3224 unum
991 3172 1025 3223 ab
1056 3172 1115 3240 ipso
1150 3172 1201 3223 do-

116 3244 185 3294 mino
212 3244 345 3309 traditur,
373 3262 432 3296 cum
459 3246 498 3296 ait
521 3246 628 3311 (Motth.
654 3246 683 3297 16
704 3248 732 3304 3)
755 3254 918 3314 „tempestas
944 3243 1010 3304 crit,
1040 3244 1104 3311 quia
1122 3245 1200 3294 triste

115 3314 191 3366 rubet
206 3316 339 3367 coelum.”
364 3333 423 3367 cum
443 3316 515 3367 enim
534 3316 719 3369 exhalationes
743 3316 860 3387 quadam
879 3331 938 3365 curn
961 3313 1075 3381 caligine
1095 3325 1201 3365 sortium

114 3383 242 3449 tendunt,
261 3386 441 3443 obscurantur
461 3386 530 3439 radii
547 3388 628 3451 solis,
647 3404 678 3438 ac
698 3387 740 3439 sol
763 3389 820 3456 ipse
840 3384 963 3437 carbonis
981 3386 1065 3435 instar
1084 3384 1200 3435 rutilans

114 3457 291 3526 sanguinique
310 3457 457 3509 consimilis
475 3466 600 3527 apparet,
618 3458 735 3527 speciem
752 3457 824 3509 hanc
842 3458 873 3508 iu
893 3455 978 3508 oculis
998 3455 1200 3516 efficientem}-

113 3525 145 3575 ris
164 3528 293 3579 crassitie.
323 3528 361 3578 sic
379 3528 487 3598 quoties
508 3529 574 3579 luna
592 3529 745 3598 caliginosis
765 3529 799 3579 ab
821 3527 980 3579 humoribus
1001 3525 1199 3587 circumdatur,

111 3595 154 3646 rel
172 3614 258 3666 aquae
276 3598 386 3667 pluviae
406 3600 510 3668 copiam
532 3600 561 3649 in
585 3606 648 3653 οὔτε
664 3600 708 3651 vel
727 3599 810 3651 austri
828 3598 1036 3651 commotionem
1052 3595 1200 3648 vehemen-

111 3674 164 3717 tem
183 3670 309 3721 minatur.
337 3670 421 3721 colem
444 3686 504 3721 cum
531 3687 609 3721 areae
635 3673 713 3739 (quas
734 3670 842 3741 uocant)
862 3668 1001 3731 ambiunt,
1020 3666 1200 3719 accidentium

111 3737 279 3805 quorundam
305 3740 374 3793 acris
397 3742 471 3808 signa
491 3740 617 3793 existunt
646 3739 741 3793 itidem
766 3742 856 3810 virgae
881 3755 950 3809 quae
974 3738 1054 3790 Iridis
1079 3738 1201 3788 colorem

111 3806 246 3861 imitantes
273 3810 303 3860 in
335 3810 453 3863 nubibus
484 3820 574 3863 rectae
608 3812 826 3880 conspiciuntur,
858 3810 957 3861 imbres
990 3826 1022 3860 ac
1053 3816 1200 3877 tempesta-

15 3884 16 3925 ἴ
111 3885 149 3929 tes
186 3880 329 3931 immensas
364 3882 406 3931 vel
437 3882 548 3934 omnino
581 3884 761 3934 mutationem
792 3881 862 3933 ocris
895 3880 1052 3932 diuturnum
1087 3886 1201 3947 porten-

112 3946 186 4000 dunt
206 3952 291 4003 multu
313 3960 423 4021 practer
445 3952 513 4003 haec
539 3954 568 4005 in
589 3960 749 4023 augescente
769 3952 813 4003 rel
831 3952 1003 4003 decrescente
1023 3948 1087 3999 luno
1106 3946 1201 3999 obser-

112 4028 208 4072 varunt
226 4020 319 4073 herum
337 4038 425 4073 rerum
443 4022 571 4087 studiosi,
587 4023 623 4075 de
640 4022 738 4093 quibus
761 4022 852 4091 colligi
866 4022 999 4093 quaedam
1017 4018 1119 4070 indicia
1135 4035 1200 4087 pos-

113 4096 189 4153 sunt,
206 4091 281 4161 quod
304 4110 364 4145 cnm
385 4094 442 4145 eius
469 4093 564 4145 sideris
585 4094 677 4145 formis
703 4099 749 4146 air
766 4109 877 4163 quoque
901 4102 987 4145 terrae
1005 4091 1109 4141 vicinus
1125 4103 1200 4138 com·

114 4168 239 4217 mutetur.
257 4178 319 4215 nam
337 4164 360 4217 si
376 4164 467 4219 tenuis
485 4181 607 4236 pureque
625 4166 661 4219 sit
678 4162 724 4217 die
742 4166 842 4228 tertio,
863 4156 1199 4238 serenitatem,durabilem

178 4274 287 4341 Glycon.
858 4242 1006 4386 [[ίιλ
1022 4279 1027 4292 ⁴
1063 4284 1067 4291 “
1135 4254 1204 4366 mx

1207 4421 1211 4436 .

1199 4444 1210 4496 ί
