3000 4859
272 299 353 357 aaa
512 364 515 370 ,
606 293 825 361 alienantis
853 296 1015 363 GLYCAF.
1068 292 1123 391 .'

257 447 380 533 4ρὴμσον
399 446 492 532 φησί.
532 442 591 529 τὴν
608 445 796 532 προαίρεσιν
815 442 925 513 losada
947 446 1003 512 καί
1023 445 1215 529 ἀποδέχεται
1236 449 1292 511 καί
1312 439 1357 511 od

166 629 170 637 .
270 548 524 631 ἀποστρέφεται,
545 545 699 626 ου’μτνυῦν
718 546 801 610 adad
823 543 863 611 τά
885 544 1115 630 προσαχάμενα.
1181 593 1185 601 -

174 654 262 710 nus
348 645 445 710 Ἀλλά
475 640 575 709 πόθεν
603 643 728 711 ὄΚάῦν
760 646 805 721 είς
828 644 975 729 τοιαύτην
997 638 1095 728 ἦλθεν
1113 640 1250 725 ἔννοιαν,
1273 640 1357 707 dors

268 747 388 809 θυοιάν
410 752 626 826 προσενεγκεῖν
643 747 685 828 τῷ
705 747 770 829 θεῷ
780 768 791 824 ς
813 739 834 826 ἢ
857 742 981 819 πάντας
1003 745 1038 807 ἐκ
1056 746 1112 826 τῆς
1132 745 1168 807 ἐν
1188 746 1232 831 τῷ
1250 766 1356 807 ovass-

269 840 340 908 ῦότι
363 841 465 905 αῦτοῦ
484 841 637 924 γνώσεως,
660 840 677 906 d
696 844 838 927 χρυσοῦς
859 839 914 925 τὴν
927 843 1070 924 χλιῦτταν
1089 844 1181 927 φησί.
1222 840 1278 906 καί
1296 838 1389 909 ssd-5

267 948 326 1007 θεν
346 940 463 1012 ῦΚάϊν
474 941 592 1022 ἐπέγνω
612 936 665 1004 ῦτι
686 936 723 1004 οῦ
742 945 898 1024 προσέσχε
918 950 984 1017 τοῖς
1004 940 1107 1005 αῦτοῦ
1131 937 1243 1023 δάροις
1265 938 1282 1003 d
1302 944 1357 1003 θο·

269 1040 325 1119 ῦς,·
347 1038 410 1103 άπὸ
431 1025 490 1102 τοῦ
507 1036 553 1123 μή
575 1044 740 1105 κατελθεῖν
756 1034 879 1105 ῦνιυθεν
900 1042 965 1122 πῦρ
986 1041 1041 1107 ἐπὶ
1058 1046 1126 1117 ταῖς
1146 1042 1276 1114 θυσίαις
1294 1031 1359 1102 αῦ-

267 1144 325 1203 τοῦ
332 1192 342 1221 ,
366 1134 512 1224 καθάπερ
534 1136 589 1202 ἐπί
605 1148 673 1215 ταῖς
692 1144 750 1203 τοῦ
762 1131 862 1222 'Adel
882 1142 1025 1224 γέγονεν·
1069 1139 1121 1203 ἐπὶ
1140 1137 1202 1222 γάρ
1223 1138 1358 1211 ταύταις

267 1241 407 1322 κατῆλθε
435 1240 501 1324 πῦρ
535 1237 592 1302 καί
609 1234 768 1322 ἤνάλαισεν
795 1236 914 1320 αῦτάς,
946 1236 1005 1323 τὴν
1032 1236 1193 1323 anatella
1212 1240 1358 1303 ἐντεῦθεν

191 1416 198 1430 ⁹
268 1340 328 1400 τοῦ
347 1340 428 1401 θτοῦ
448 1341 623 1424 παριστάν.
667 1337 748 1402 aaa&
772 1340 827 1403 καί
846 1342 939 1403 τοῦτο
963 1339 1110 1422 ζητοῦσιν
1131 1340 1280 1419 ἐνταῦθα,
1300 1333 1357 1401 διά
1372 1362 1412 1403 ιο

267 1435 303 1503 τί
317 1441 387 1501 κατ’
410 1430 514 1520 άρχὰς
534 1439 596 1519 πῦρ
620 1438 680 1517 μὲν
706 1437 899 1520 ἔξοῦρανοῦ
918 1435 1092 1522 κατήρχετο
1110 1440 1165 1501 καί
1183 1435 1239 1512 τάς
1260 1458 1358 1521 προσ·

239 1540 425 1619 Βαχομίνας
454 1537 500 1622 τῷ
531 1535 597 1623 θεῷ
617 1536 734 1614 θυσίας
765 1532 970 1620 ἐπεβόσκετο,
990 1540 1062 1601 νυνί
1081 1538 1117 1602 δὲ
1136 1538 1227 1602 τοῦτο
1251 1535 1291 1598 οῦ
1309 1534 1359 1618 χί-

267 1658 365 1699 νεται.
405 1630 458 1720 μὴ
493 1639 564 1709 ταῖς
586 1637 650 1697 τιῦν
681 1630 770 1713 laima
789 1637 921 1711 θυσιάις
943 1634 961 1699 d
983 1634 1059 1712 θεὸς
1078 1632 1223 1719 ἔχαιρενς
1257 1634 1355 1717 οῦχί·

268 1730 350 1797 κατά
372 1730 433 1816 γάρ
463 1732 521 1798 τὸν
553 1728 720 1799 θειότατον
741 1736 905 1819 Κῦριλλον
930 1733 1027 1811 τῦπος
1053 1726 1092 1817 ἦν
1112 1735 1211 1800 ἐκεῖνο
1232 1733 1267 1801 τὸ
1290 1736 1355 1819 πῦρ

269 1830 326 1896 καί
346 1827 570 1915 προεικῦνισμα
593 1837 650 1897 τοῦ
671 1838 826 1917 παναγίου
846 1829 1020 1915 πνεύματος
1040 1836 1099 1899 τοῦ
1118 1830 1278 1909 κατιόντος
1297 1836 1358 1913 μὲν
1370 1846 1411 1908 15

268 1930 415 2013 αόράτως
442 1929 498 1995 καί
522 1929 579 2010 τάς
607 1930 821 2014 πνευματικάς
839 1932 929 2017 ἡμῶν
948 1931 1067 2009 θυσίας
1086 1934 1358 2018 προσδεχομένου,

268 2028 354 2095 καθά
378 2028 417 2115 δι’]
446 2028 502 2095 καί
518 2034 573 2097 ἐπί
601 2029 658 2097 τὸν
680 2028 823 2115 Χριστὸν
849 2030 949 2097 ου’τάν
971 2028 1080 2119 κατῄει
1107 2034 1140 2097 ἐν
1160 2032 1299 2120 Ἰορδάνῃ
1319 2030 1356 2096 τά

267 2132 392 2210 πνεῦμα
414 2127 449 2195 τά
474 2126 582 2214 ῦχιον,
599 2132 660 2213 ου’χ
680 2131 723 2206 οἷς
744 2132 890 2213 ῦτὸμενον
913 2130 1104 2214 πνεύματος,
1136 2133 1205 2197 ἀλλ’
1225 2134 1277 2197 ϊνα
1296 2131 1359 2211 μά-

268 2233 379 2309 θωμεν
413 2223 463 2294 ὅτι
494 2233 553 2319 καί,
568 2228 623 2295 ἐπί
651 2228 746 2295 παντί
771 2231 988 2319 βαπτιζομένρι
1008 2228 1153 2316 αόράτως
1172 2227 1208 2295 τῦ
1233 2232 1357 2319 πνεῦμα

269 2327 391 2407 κάτεισι
409 2327 465 2394 καί
479 2324 603 2413 ἁγιάζει
622 2324 732 2393 αῦτῦν.
781 2332 811 2395 τί
833 2331 868 2395 δὲ
890 2328 946 2395 καί
965 2333 1035 2410 νῦν,
1058 2330 1221 2414 α’γαπρτέ,
1242 2336 1357 2413 σημεῖα
1367 2359 1412 2401 20

270 2429 403 2490 τοιαῦτα
423 2425 483 2511 οῦχ
510 2423 600 2515 ὁρᾷς,
628 2424 674 2512 μὴ
698 2424 840 2494 duabsu·
899 2429 931 2493 εί
947 2428 1008 2513 γάρ
1031 2433 1086 2493 καί
1105 2418 1197 2511 ῦψιις
1218 2430 1357 2511 ἐγίνοντο

271 2528 339 2597 κατ’
360 2523 465 2611 α’ρχάς
496 2528 649 2611 αἰσθηταί
673 2524 727 2592 διά
747 2551 783 2610 γε
801 2524 876 2604 τοῦς
895 2528 1102 2613 ἀνοητοτέρους
1124 2530 1354 2608 ἐπικειμένους,

271 2840 347 2895 uter,
368 2832 524 2885 institutum
544 2831 626 2884 enhni
642 2830 687 2885 vsl
707 2832 807 2903 probat
821 2832 866 2887 vel
885 2832 1037 2903 inprobat,
1057 2848 1113 2885 uon
1133 2849 1176 2885 res
1195 2833 1266 2903 ipsas
1284 2848 1357 2903 quas

269 2907 429 2955 offensator.
568 2952 571 2955 .

341 2972 395 3025 Sed
413 2973 486 3025 enim
514 2972 588 3025 unde
608 2972 693 3025 Caino
709 2973 745 3025 ad
764 2974 881 3025 animum
906 2974 1007 3027 accidit
1023 2982 1054 3027 ut
1071 2972 1123 3025 deo
1137 2972 1296 3025 sacrificium
1313 2974 1357 3023 ol-

271 3044 412 3095 ferendum
439 3060 498 3095 esse
516 3044 671 3097 statueret?
696 3062 761 3095 uum
782 3061 816 3095 er
842 3040 1022 3097 conscientia&
1045 3044 1142 3097 notitia
1168 3042 1299 3113 quadam,
1325 3051 1358 3095 ut

271 3114 476 3180 chrysostomus
495 3114 554 3169 ait?
575 3124 603 3168 et
617 3114 688 3167 unde
701 3114 813 3169 tandem
830 3115 929 3169 Caiuus
945 3116 1019 3167 idem
1040 3116 1176 3168 intellexit
1197 3112 1278 3164 deum
1295 3130 1358 3165 mu-

270 3201 338 3237 nera
356 3202 404 3236 sua
421 3202 479 3237 non
497 3186 649 3257 respicere?
669 3187 796 3238 nimirum
815 3203 848 3238 ex
866 3203 898 3238 eo
917 3187 990 3257 quod
1007 3188 1035 3238 in
1053 3187 1111 3237 eius
1127 3183 1229 3237 hostias
1251 3185 1320 3253 iguis
1341 3200 1358 3237 e

272 3256 350 3307 coelo
369 3272 424 3307 non
449 3254 639 3320 delaberetur,
665 3256 941 3326 quemadmodumtn
957 3257 1036 3309 Abeli
1056 3256 1194 3309 sacrificiis
1211 3255 1271 3307 fieri
1290 3272 1359 3307 con·

272 3334 404 3378 sueverat.
421 3344 483 3378 uam
502 3328 560 3380 eius
573 3326 676 3379 hostias
694 3329 763 3396 iguis
780 3342 897 3399 superus
910 3328 1016 3380 delatus
1033 3327 1207 3389 absumebat,
1225 3343 1279 3448 quo
1296 3328 1357 3395 ipso

272 3396 461 3448 declarabatur
478 3397 557 3449 deum
578 3414 622 3449 eas
639 3407 762 3467 acceptas
788 3408 816 3450 et
836 3407 924 3467 gratas
949 3397 1060 3453 babere.
1087 3398 1158 3451 solet
1181 3398 1230 3448 illu
1275 3398 1358 3449 etiam

272 3468 404 3519 hocloco
426 3470 537 3537 quaeri,
588 3467 744 3521 uamobrem
767 3470 849 3523 initio
867 3470 902 3523 de
922 3469 999 3521 coelo
1017 3469 1143 3539 delapsus
1162 3468 1232 3537 ignis
1253 3466 1359 3520 oblatas

272 3538 375 3591 hostias
394 3536 447 3589 deo
466 3539 580 3607 depasce
601 3549 675 3603 atur,
693 3558 755 3593 cum
775 3541 805 3593 id
825 3541 907 3595 modo
923 3558 979 3594 uon
999 3540 1067 3593 fiat?
1086 3558 1149 3591 num
1167 3539 1282 3591 victimis
1297 3538 1359 3589 ani-

271 3608 384 3661 malium
412 3608 479 3661 deus
511 3607 717 3663 oblectabatur?
738 3628 932 3683 nequaquam,
956 3610 1006 3664 sed
1033 3612 1075 3662 uti
1102 3610 1228 3677 Cyrillus·
1247 3610 1275 3661 iu
1297 3610 1359 3673 uit,

272 3679 341 3748 ignis
364 3680 413 3731 ille
429 3689 509 3751 typus
527 3688 557 3731 et
572 3682 658 3751 imago
676 3683 762 3735 sancti
777 3684 886 3753 spiritus
914 3689 984 3744 erat,
1006 3682 1054 3751 qui
1071 3680 1214 3733 descendit
1229 3626 1359 3749 inadspe-

271 3749 409 3803 clabiliter
433 3759 461 3801 ct
476 3750 631 3819 spirituales
649 3753 772 3805 victimas
794 3764 900 3807 nostras
917 3760 1052 3874 eccequt3
1080 3750 1307 3822 quemadmodum
1327 3750 1359 3803 iu

271 3822 360 3891 ipsum
381 3836 492 3890 quoque
511 3820 646 3873 Christum
661 3824 692 3875 in
708 3824 824 3876 Iordane
852 3823 985 3877 descende
1007 3832 1049 3889 at,
1066 3840 1123 3875 non
1140 3821 1215 3893 quod
1234 3822 1282 3873 ille
1301 3822 1360 3891 spi-

271 3892 339 3944 ritus
358 3900 466 3959 egeret,
485 3892 535 3943 sed
553 3894 594 3944 uti
612 3911 661 3945 nos
678 3892 842 3946 disceremus
869 3896 994 3965 spiritum
1015 3896 1046 3947 in
1065 3894 1186 3965 quemvis
1204 3892 1358 3955 bominem,

271 3962 321 4034 qai
347 3961 517 4034 baptizatur,
555 3962 808 4033 inadspectabiliter
833 3966 998 4019 descendere
1025 3982 1056 4017 ac
1086 3982 1148 4017 eum
1179 3964 1357 4017 sanctificare.

271 4042 406 4085 caeterum
425 4049 598 4104 nequaquam
625 4035 678 4088 tibi
701 4053 774 4087 nuuc
793 4034 949 4089 abiicienda
973 4044 1013 4089 est
1031 4036 1098 4088 fides
1117 4044 1260 4106 propterea
1282 4031 1359 4105 quod

271 4104 338 4157 utin
357 4103 481 4173 prodigia
497 4104 579 4157 modo
601 4104 678 4157 nulla
698 4105 798 4157 videas.
815 4104 937 4178 quamvis
956 4110 1028 4159 enim
1047 4106 1201 4175 spectacula
1222 4104 1359 4177 quaedam

271 4175 384 4231 sensilis
408 4181 473 4229 tuuc
497 4176 584 4230 oculis
611 4176 812 4231 exhibebantur
838 4195 931 4233 corum
955 4195 1035 4231 causa
1060 4178 1108 4249 qui
1132 4177 1216 4249 paulo
1234 4174 1358 4231 rudiores
