3000 4859
478 311 692 380 mutuum
722 313 826 378 Plus
858 317 883 376 1.
1049 312 1055 320 ’
1139 289 1218 398 τάς)

136 470 249 547 τέξεται
280 461 337 529 desi
369 463 423 544 τῆς
443 461 568 546 πρώτης
597 459 779 546 ἶερορχικῆς
803 463 1057 545 διακοσμήσεως,
1088 465 1219 545 διαπορ-

135 561 248 649 θμεάει
274 565 311 628 δὲ
331 564 369 648 τῇ
386 564 451 643 μετ’
476 555 576 645 σάτὴν
595 560 654 636 τάς
674 557 859 642 ε’λλάμιγεις.
881 560 900 644 ἡ
920 564 956 626 δέ
976 585 1010 644 γε
1030 564 1091 626 τῶν
1112 561 1222 646 άρχῶν

137 665 300 746 tauronto
320 659 358 726 τὸ
379 661 519 738 θεοειδές
535 663 643 725 ου’τοῖν
664 662 814 746 ἐμφαίνει
833 663 887 724 καὶ
907 658 1089 744 ἡγεμονικὸν
1108 661 1164 725 καί
1182 659 1219 725 τά

135 764 214 846 πρὸς
238 757 297 847 τὴν
317 759 489 844 άρχοποιὸν
512 759 617 845 α’ρχὴν
637 757 681 836 ὦς
702 757 838 824 δυνατόν
851 761 1101 824 άποτυτιοῦσθοιι.
1143 759 1162 844 ἡ
1186 763 1222 826 δὲ

110 867 198 932 ὁτῶν
228 863 435 946 α’ρχαγγέλονν
453 861 617 941 έσωνυμιά
643 864 707 924 τοῖν
727 853 834 942 άκρεον
855 857 1146 940 ἀντιλαμβάνεσθαι
1168 860 1222 943 δη-

136 969 190 1028 λοῖ
201 989 210 1005 ·
266 972 337 1036 ταῖς
355 957 414 1043 γάρ
437 959 553 1043 ἀρχαῖς
572 957 627 1024 κατ’
645 966 713 1036 τοῖς,
728 952 874 1042 άγγέλοις
893 966 1050 1036 κοινωνεῖ,
1073 967 1142 1034 ταῖς
1161 961 1221 1040 μὲν

137 1058 190 1126 ὅτι
206 1060 285 1145 πρὸς
313 1059 371 1142 τὴν
396 1054 583 1142 άπεροάσιον
610 1054 715 1141 άρχῆν
744 1058 884 1142 άρχιιιῶς
911 1057 1139 1138 έσὲστριιπτοιι,
1158 1065 1222 1134 τοῖς

138 1165 175 1226 δὲ
195 1158 244 1226 ὅτι
260 1159 316 1224 aas*
334 1163 386 1242 τῆς
399 1153 597 1242 άιιοφητικῆς
617 1160 685 1242 ἐστι’
697 1155 813 1234 τάξεως
832 1155 890 1232 τάς
909 1154 1086 1240 θεαρχικάς
1108 1155 1257 1238 tuton-c

136 1277 212 1339 ψεις
232 1257 288 1324 διά
318 1261 380 1322 τῶν
399 1255 533 1340 πράσιον
563 1257 800 1342 tammonis»,
829 1254 994 1336 δυνάμεων
1014 1257 1067 1318 κατ’
1085 1265 1148 1330 τοῖς
1167 1256 1303 1338 sip-Vde

95 1363 241 1442 ιογέλοις
261 1355 360 1432 αὐτάς
381 1358 630 1439 ἀπαγγέλλουσα.
652 1355 672 1439 ἦ
694 1357 730 1435 δέ
750 1357 814 1422 τοῖν
834 1349 972 1440 άγγέλονν
990 1355 1152 1436 έποννυιαλι
1167 1355 1225 1437 τὴν

136 1455 365 1544 έιιφαντορικῇν
387 1456 495 1520 ου’τῶν
511 1457 708 1540 λειτουργίαν
731 1459 931 1539 παρίστησιν.
989 1489 991 1494 ·

214 1550 352 1632 Ἔιῖειξεν
387 1547 444 1619 σάν
471 1554 487 1618 ὃ
515 1557 606 1638 λόγος
626 1555 670 1628 άς
691 1551 726 1619 οἱ
752 1557 874 1638 πρῶται
895 1556 955 1634 μέν
972 1551 1074 1634 τάξεις
1097 1555 1224 1638 α’μέσοος

137 1662 175 1724 εἰι
193 1657 273 1722 θεοῦ
298 1653 353 1730 τάς
384 1651 559 1737 έλλάμιγεις
589 1655 755 1736 δέχονται,
785 1650 873 1738 παρά
905 1655 940 1718 dt
959 1656 1023 1718 τοῖν
1041 1657 1171 1735 πρώτων
1190 1654 1226 1720 οἱ

140 1752 287 1836 δεύτεραι
313 1752 370 1817 καὶ
394 1756 529 1836 καθεξῆς
564 1750 599 1816 αἶ
618 1755 744 1832 λοιποί,
765 1756 906 1818 τουτέστι
926 1751 1015 1836 παρά
1033 1755 1095 1817 τοῖν
1116 1755 1226 1818 deusd.

98 1865 207 1938 ι5ρεον
225 1852 260 1918 αἱ
277 1857 394 1938 τρίται.
437 1847 488 1916 ὅτι
509 1854 544 1916 di
573 1851 715 1938 διαφορά
734 1855 782 1927 τίς
800 1853 866 1918 ἐστι
887 1849 974 1937 παρά
995 1861 1064 1926 ταῖς
1085 1843 1150 1916 dvo
1169 1853 1227 1916 du-

141 1951 266 2035 νάμεσι,
286 1955 342 2017 καί
362 1946 409 2016 ὅτι
430 1947 512 2015 κατά
525 1974 560 2034 γε
580 1948 634 2034 τὴν
655 1950 769 2017 στάσιν
789 1949 844 2014 καί
861 1948 950 2026 τάξιν
970 1950 1077 2014 αάτάν
1097 1947 1151 2014 καί
1168 1946 1227 2032 τὴν

142 2055 256 2136 γνῶσιν
274 2047 394 2134 ἔχουσι,
416 2051 470 2114 καὶ
489 2047 507 2114 ὅ
526 2047 689 2126 θειότατος
710 2048 852 2124 ὑπέδειξε
871 2033 1031 2130 Χάριλλος
1047 2051 1081 2114 έν
1100 2050 1140 2134 τῇ
1172 2052 1225 2130 βέ-

144 2157 208 2240 βλρι
228 2154 291 2232 τῶν
310 2153 482 2236 θησαυρῶν
505 2145 605 2224 οὕτως
623 2147 719 2216 εἰπάν
738 2145 852 2230 „numi
868 2147 979 2234 λογικῷ
999 2151 1255 2231 συμμεμέτρη.ῐ)

145 2273 197 2316 τοι
217 2251 238 2333 ἦ
255 2253 391 2332 γνῶσις,
411 2247 455 2323 ὥς
480 2243 592 2332 ἑτέρον
619 2249 680 2329 μὲν
713 2241 796 2312 εἶναι
824 2243 981 2310 πιστεύειν
1006 2247 1040 2310 έν
1062 2247 1222 2328 άγγέλοις,

100 2351 275 2430 τομειξονοι
302 2350 338 2412 di
367 2351 401 2414 έν
434 2349 656 2430 α’ρχογγέλοις,
678 2345 733 2411 καί
749 2345 798 2410 ἔτι
817 2341 935 2419 ταύτας
955 2343 1173 2426 ὑπερέχουσαν
1191 2347 1226 2408 έν

146 2457 214 2525 τοῖς
236 2448 382 2534 α’νιοτέριο
403 2444 606 2529 δυνάμεσιν.”
657 2440 738 2512 άλλά
767 2447 822 2512 σοι’
844 2441 861 2508 d
893 2440 1102 2528 Ἀαμασκνγνός
1121 2439 1225 2564 Ἰσάρ-

147 2717 253 2768 illamm
278 2717 408 2770 mentium
436 2723 478 2770 est
507 2717 667 2788 descriptio,
695 2733 766 2789 quae
784 2717 923 2789 perficitur
947 2721 976 2767 et
992 2713 1161 2773 illuminatur
1176 2729 1227 2784 per

146 2787 268 2840 ordinem
294 2789 428 2857 primum,
455 2789 569 2858 ipsaque
585 2791 701 2841 vicissim
724 2805 785 2841 sues
805 2787 998 2840 illustrationes
1016 2801 1076 2838 cum
1093 2792 1225 2854 sequente

147 2860 332 2910 communicat.
353 2860 383 2910 in
399 2858 452 2910 bac
477 2861 675 2930 principatuum
693 2877 745 2912 vox
763 2858 867 2911 indicat
886 2875 945 2909 esse
962 2858 1035 2926 ipsos
1055 2855 1106 2906 deo
1125 2855 1225 2908 similes

146 2946 176 2981 ac
195 2930 377 2998 principatum
405 2930 549 2995 obtinere,
573 2930 702 3000 quodque
729 2929 765 2981 acl
782 2930 963 2999 principatum
981 2927 1059 2978 illum
1076 2927 1226 2996 principem

145 3015 195 3069 pro
211 3000 315 3052 viribus
340 3001 556 3064 conformentur,
573 3000 807 3069 archangelorum,
832 3016 879 3051 eos
898 3015 998 3050 summa
1016 2997 1178 3060 consectari,
1195 3002 1227 3047 ut

147 3069 194 3140 qui
222 3072 422 3123 communicent
442 3079 497 3124 tam
517 3087 577 3122 eum
608 3071 805 3141 priucipatibus
836 3087 915 3139 quam
944 3084 1003 3119 cum
1029 3068 1148 3136 angelis,
1166 3083 1228 3119 cum

145 3141 358 3211 priucipatibus,
384 3140 460 3211 quod
485 3141 521 3194 asl
538 3141 760 3193 ultranaturalem
782 3141 860 3192 illum
885 3138 1064 3208 principatum
1086 3155 1145 3190 sese
1163 3152 1229 3190 cou-

146 3220 268 3275 sertant,
291 3230 352 3263 cum
369 3213 483 3281 angelis,
504 3213 577 3282 quod
597 3211 775 3264 nibilominus
793 3211 887 3263 ordine
907 3207 1099 3277 discipulorum
1118 3221 1228 3278 quoque

146 3284 354 3346 contineantur,
377 3285 419 3336 uti
446 3283 494 3352 qui
520 3281 624 3334 divinas
641 3283 837 3334 illustrationes
863 3281 990 3350 aprlmis
1009 3274 1064 3330 illis
1084 3277 1229 3349 potestati-

146 3351 195 3404 bus
213 3355 347 3422 accipiant
364 3361 393 3405 et
409 3353 525 3406 vicissim
541 3353 645 3421 angelis
667 3361 811 3422 exponant,
837 3352 993 3419 angelornm
1012 3348 1130 3420 denique
1147 3365 1229 3400 roca·

147 3421 240 3476 bulum
266 3424 490 3493 significationem
510 3423 657 3478 ministerii
681 3425 820 3488 continet,
849 3437 904 3492 quo
936 3437 978 3474 rsa
1006 3419 1111 3474 divinas
1142 3436 1230 3472 enun-

146 3495 222 3545 liant

214 3566 257 3616 De
285 3563 336 3616 hac
363 3563 529 3617 indicatione
554 3571 647 3617 nostra
665 3563 837 3634 perspicuum
856 3571 898 3615 est
915 3563 1016 3632 primos
1034 3560 1143 3613 ordines
1162 3559 1229 3612 citra

145 3633 265 3686 medium
281 3634 417 3704 quoddam
435 3653 451 3686 a
469 3634 521 3687 deo
539 3653 602 3687 suas
618 3634 813 3686 illustrationes
827 3635 965 3702 consequi,
984 3631 1085 3686 deinde
1103 3649 1119 3683 a
1137 3631 1228 3700 primis

146 3705 292 3767 secundm,
313 3722 328 3757 a
347 3705 473 3759 secundis
489 3707 591 3758 tertios.
612 3713 747 3757 caeterum
767 3702 985 3774 assequendam
1005 3701 1078 3774 apud
1098 3703 1228 3754 coelestes

146 3776 206 3828 illas
235 3784 384 3846 potestates
410 3775 576 3840 discrimina,
600 3774 729 3846 quodque
752 3775 799 3827 illu
822 3777 882 3844 ipsa
899 3775 1015 3827 maxime
1031 3773 1181 3826 consistant
1199 3772 1228 3822 ln

146 3847 264 3914 ipsorum
281 3855 354 3898 statu
373 3846 468 3900 ordine
486 3857 514 3899 et
530 3847 699 3915 cognitione,
728 3845 835 3898 divinus
853 3846 934 3898 etiam
952 3847 993 3898 sir
1012 3844 1126 3912 cyrillus
1146 3843 1174 3893 io
1195 3842 1230 3893 li-

145 3915 195 3968 bro
215 3917 417 3969 Thesaurorum
444 3934 493 3970 sno
512 3919 606 3979 docet,
630 3933 663 3968 oc
678 3916 754 3968 hisce
772 3916 884 3986 quidem
901 3917 990 3969 serbis
1009 3914 1114 3979 „omnis
1132 3919 1229 3963 natura

165 3988 280 4057 articeps
304 3989 436 4049 rationis,
461 3989 542 4041 etiam
569 3987 732 4056 cognitionis
760 3986 870 4040 modum
900 3999 1107 4055 mensuramque
1128 3990 1229 4034 certam

199 4067 240 4115 et.
259 4061 298 4110 ita
324 4067 357 4110 ut
385 4059 459 4110 credi
475 4076 525 4129 par
541 4059 577 4111 sit
595 4059 675 4110 aliam
701 4059 731 4110 in
748 4059 852 4126 angelis
872 4073 930 4108 esse
947 4058 1082 4124 alimnque
1099 4052 1230 4105 maiorem
1257 4069 1259 4076 ’

147 4127 175 4179 in
192 4129 368 4197 archangelis,
386 4147 466 4198 quam
484 4131 568 4199 ipsam
580 4145 689 4200 quoque
707 4136 818 4196 superet
837 4145 868 4179 es
887 4145 957 4197 quoe
975 4122 1180 4178 sublimioribus
1200 4121 1231 4173 in

147 4201 326 4266 potestatibus
351 4201 470 4254 existit?
486 4199 581 4253 eadem
604 4199 639 4252 de
663 4216 692 4252 re
714 4198 849 4254 lohannes
867 4198 1047 4250 Damascsnus
1065 4196 1104 4248 ita
1123 4192 1231 4246 disserit
