3000 4859
319 1052 777 1153 IMMA'NUELIS
816 1058 1129 1151 BEKKERI
1221 1110 1225 1119 -

536 1266 880 1342 PRAEFATlo.

591 1464 828 1503 ...μμ-..-

163 1650 410 1761 Michaelem
441 1682 602 1789 Glycam
640 1683 711 1787 qni
749 1683 898 1789 primus
927 1684 1071 1761 Graece
1110 1670 1250 1777 edidit,

163 1815 369 1921 Philippus
400 1814 573 1891 Labbeus
614 1812 810 1891 codicibus
853 1816 1121 1922 manuscriptis
1162 1844 1252 1893 usus

164 1958 218 2015 est
241 1959 290 2017 nt
313 1940 447 2017 multis
468 1958 507 2015 et
532 1938 643 2015 bonis
669 1938 721 2015 ita
753 1940 945 2043 plerisque
965 1966 1047 2016 sero
1069 1942 1250 2045 impetra-

165 2062 228 2147 tis,
265 2058 455 2167 siquidem
489 2063 568 2167 ipse
611 2061 896 2149 „monendum”
929 2064 1062 2165 inquit
1091 2091 1247 2153 „censeo

160 2183 340 2262 lectorem
364 2204 455 2263 ante
478 2187 628 2291 aliquot
648 2212 770 2263 nnnos
793 2212 855 2261 me
877 2182 1086 2261 editionem
1109 2186 1246 2263 Graeci

163 2325 287 2385 textos
316 2337 362 2385 ex
393 2308 544 2387 duobus
576 2308 832 2385 bibliothecae
861 2328 1012 2385 nostrae
1034 2310 1245 2385 manuscri-

161 2432 237 2533 ptis
259 2430 453 2509 codicibus
476 2432 623 2510 mutilis
646 2448 763 2535 atque
798 2432 1028 2536 imperfectis
1051 2450 1246 2509 maturare

163 2573 334 2633 coactum
365 2556 496 2647 fuisse,
529 2554 774 2659 eundemque
812 2575 939 2662 postea
972 2556 1175 2633 contulisse
1199 2583 1245 2633 ac

160 2680 387 2785 supplevisse
411 2681 552 2787 partim
577 2704 624 2756 ex
651 2680 912 2785 manuscripto
941 2678 1071 2756 codice
1095 2679 1245 2756 charta·

159 2828 225 2881 ceo
250 2805 415 2909 optimae
441 2822 567 2892 notae,
600 2830 623 2879 n
648 2803 847 2879 celsissima
871 2803 1046 2907 principe
1071 2801 1244 2879 lohannn

158 2928 363 3035 Baptistide
385 2928 592 3017 borbonio,
617 2926 786 3031 generali
818 2924 966 3003 ordinis
988 2926 1244 3003 Fontisebral-

158 3048 281 3127 densis
303 3052 491 3136 antistita,
517 3076 563 3127 ex
595 3045 889 3155 locupletissima
914 3047 1242 3125 archimonasterii

156 3174 211 3248 sui
228 3173 458 3252 bibliotheca
471 3172 698 3281 deprompto
722 3191 840 3275 atque
855 3170 1127 3248 humanissime
1151 3172 1241 3249 snb-

158 3297 381 3387 ministrsto,
407 3296 549 3401 partim
571 3322 616 3373 ex
632 3296 745 3373 variis
767 3296 951 3399 excerptis
968 3293 1018 3370 nd
1031 3320 1093 3369 me
1117 3312 1238 3373 traus-

157 3420 273 3499 missis
294 3446 385 3497 cum
410 3424 528 3499 Roma
554 3447 576 3495 o
600 3422 649 3497 V.
675 3421 715 3496 C.
744 3422 847 3498 Luca
871 3419 1083 3505 llnlstenio‚
1108 3418 1238 3507 erudi-

156 3544 257 3618 tione
282 3546 388 3620 omni
412 3563 528 3646 atque
540 3542 783 3620 humanitate
804 3542 1012 3647 perpolito,
1037 3570 1083 3617 ex
1107 3542 1237 3619 codice

155 3667 404 3743 vallicellano
428 3672 502 3744 llll.
528 3672 597 3747 PP.
623 3666 927 3775 congregationis
947 3666 1130 3755 oratorii,
1153 3685 1237 3744 tum

153 3796 319 3895 Augusto
349 3788 644 3869 vindelicorum
679 3817 701 3865 a
732 3794 774 3865 R.
808 3793 848 3865 P.
880 3789 1035 3865 Simone
1066 3792 1235 3893 Wagne-

152 3914 296 4005 rechio,
319 3915 506 3991 societatis
530 3933 680 3991 nostrae
703 3912 880 4017 theologo
894 3918 946 4008 τῷ
959 3908 1164 4013 μακαρίτῃ,
1187 3940 1235 3989 ex

151 4034 392 4117 bibliothecis
415 4038 591 4114 Bavarica
624 4057 740 4143 atque
772 4036 941 4114 eiusdem
965 4036 1235 4113 celeberrimae

152 4162 409 4269 reipublicae
441 4162 715 4266 Augustanae.''
757 4190 836 4240 non
870 4161 1000 4267 potuit
1030 4160 1150 4263 igitur
1172 4158 1233 4238 vir

579 4400 759 4499 89303
