<?xml version="1.0" encoding="UTF-8"?>
<!DOCTYPE html PUBLIC "-//W3C//DTD XHTML 1.0 Transitional//EN"
    "http://www.w3.org/TR/xhtml1/DTD/xhtml1-transitional.dtd">
<html xmlns="http://www.w3.org/1999/xhtml" xml:lang="en" lang="en">
 <head>
  <title>
</title>
<meta http-equiv="Content-Type" content="text/html;charset=utf-8" />
  <meta name='ocr-system' content='tesseract 3.04.00' />
  <meta name='ocr-capabilities' content='ocr_page ocr_carea ocr_par ocr_line ocrx_word'/>
</head>
<body>
  <div class='ocr_page' id='page_1' title='image "./michaelisglycae02glycgoog/michaelisglycae02glycgoog_0448.png"; bbox 0 0 3000 4859; ppageno 0'>
   <div class='ocr_carea' id='block_1_1' title="bbox 262 253 1010 354">
    <p class='ocr_par' dir='ltr' id='par_1_1' title="bbox 262 253 1010 354">
     <span class='ocr_line' id='line_1_1' title="bbox 262 253 1010 354; baseline 0.016 -19"><span class='ocrx_word' id='word_1_1' title='bbox 262 253 348 354; x_wconf 69' lang='lat' dir='ltr'>duo</span> <span class='ocrx_word' id='word_1_2' title='bbox 604 279 819 346; x_wconf 62' lang='lat' dir='ltr'>latentius</span> <span class='ocrx_word' id='word_1_3' title='bbox 846 279 1010 346; x_wconf 71' lang='lat' dir='ltr'>uticii!</span> 
     </span>
    </p>
   </div>
   <div class='ocr_carea' id='block_1_2' title="bbox 172 425 1409 2402">
    <p class='ocr_par' dir='ltr' id='par_1_2' title="bbox 172 425 1409 2402">
     <span class='ocr_line' id='line_1_2' title="bbox 264 425 1349 516; baseline 0.002 -22"><span class='ocrx_word' id='word_1_4' title='bbox 264 428 319 514; x_wconf 76' lang='grc' dir='ltr'>νην</span> <span class='ocrx_word' id='word_1_5' title='bbox 359 431 421 494; x_wconf 80' lang='grc' dir='ltr'>τάν</span> <span class='ocrx_word' id='word_1_6' title='bbox 456 425 609 510; x_wconf 78' lang='grc' dir='ltr'><strong><em>σωμάτιον</em></strong></span> <span class='ocrx_word' id='word_1_7' title='bbox 645 425 744 516; x_wconf 86' lang='grc' dir='ltr'><strong><em>φάσιν</em></strong></span> <span class='ocrx_word' id='word_1_8' title='bbox 779 429 837 508; x_wconf 85' lang='grc' dir='ltr'>τάς</span> <span class='ocrx_word' id='word_1_9' title='bbox 867 425 998 504; x_wconf 86' lang='grc' dir='ltr'><strong><em>τοπιιιάς</em></strong></span> <span class='ocrx_word' id='word_1_10' title='bbox 1030 428 1130 493; x_wconf 76' lang='lat' dir='ltr'>orituri</span> <span class='ocrx_word' id='word_1_11' title='bbox 1158 428 1349 512; x_wconf 74' lang='grc' dir='ltr'>μεταβάσεις</span> 
     </span>
     <span class='ocr_line' id='line_1_3' title="bbox 263 522 1358 614; baseline -0.001 -18"><span class='ocrx_word' id='word_1_12' title='bbox 263 527 447 606; x_wconf 71' lang='grc' dir='ltr'><strong><em>ποιούμενος</em></strong></span> <span class='ocrx_word' id='word_1_13' title='bbox 466 522 517 614; x_wconf 81' lang='grc' dir='ltr'><strong><em>ἧν.</em></strong></span> <span class='ocrx_word' id='word_1_14' title='bbox 1353 585 1358 595; x_wconf 93' lang='grc'><strong>.</strong></span> 
     </span>
     <span class='ocr_line' id='line_1_4' title="bbox 346 626 1349 713; baseline 0 -19"><span class='ocrx_word' id='word_1_15' title='bbox 346 627 443 694; x_wconf 83' lang='grc' dir='ltr'><strong><em>Μετά</em></strong></span> <span class='ocrx_word' id='word_1_16' title='bbox 471 628 627 694; x_wconf 76' lang='grc' dir='ltr'><strong><em>δὲταῦτα</em></strong></span> <span class='ocrx_word' id='word_1_17' title='bbox 658 626 717 692; x_wconf 82' lang='lat' dir='ltr'>du&#39;o</span> <span class='ocrx_word' id='word_1_18' title='bbox 737 629 801 692; x_wconf 77' lang='lat' dir='ltr'>scir</span> <span class='ocrx_word' id='word_1_19' title='bbox 820 630 977 711; x_wconf 73' lang='grc' dir='ltr'><strong><em>μαθητῶν</em></strong></span> <span class='ocrx_word' id='word_1_20' title='bbox 997 628 1181 696; x_wconf 68' lang='lat' dir='ltr'>demittet</span> <span class='ocrx_word' id='word_1_21' title='bbox 1197 628 1279 713; x_wconf 85' lang='grc' dir='ltr'><strong><em>πράς</em></strong></span> <span class='ocrx_word' id='word_1_22' title='bbox 1295 630 1349 696; x_wconf 85' lang='grc' dir='ltr'>τάν</span> 
     </span>
     <span class='ocr_line' id='line_1_5' title="bbox 172 719 1351 814; baseline 0.002 -22"><span class='ocrx_word' id='word_1_23' title='bbox 172 719 178 727; x_wconf 51' lang='grc'><em>“</em></span> <span class='ocrx_word' id='word_1_24' title='bbox 265 729 353 792; x_wconf 76' lang='grc' dir='ltr'><strong><em>δεῖνα</em></strong></span> <span class='ocrx_word' id='word_1_25' title='bbox 373 728 429 808; x_wconf 75' lang='grc' dir='ltr'><strong><em>τῆς</em></strong></span> <span class='ocrx_word' id='word_1_26' title='bbox 459 729 517 790; x_wconf 78' lang='grc' dir='ltr'><strong><em>τοῦ</em></strong></span> <span class='ocrx_word' id='word_1_27' title='bbox 549 729 676 807; x_wconf 80' lang='grc' dir='ltr'><strong><em>νομιιιοῦ</em></strong></span> <span class='ocrx_word' id='word_1_28' title='bbox 702 725 812 810; x_wconf 84' lang='grc' dir='ltr'><strong><em>πάσχα</em></strong></span> <span class='ocrx_word' id='word_1_29' title='bbox 831 730 928 811; x_wconf 83' lang='grc' dir='ltr'><strong><em>χάριν</em></strong></span> <span class='ocrx_word' id='word_1_30' title='bbox 946 724 1149 809; x_wconf 71' lang='grc' dir='ltr'><strong><em>ἱτοιμασίας·</em></strong></span> <span class='ocrx_word' id='word_1_31' title='bbox 1192 726 1273 814; x_wconf 72' lang='lat' dir='ltr'>dds}</span> <span class='ocrx_word' id='word_1_32' title='bbox 1297 733 1351 794; x_wconf 77' lang='grc' dir='ltr'><strong><em>καὶ</em></strong></span> 
     </span>
     <span class='ocr_line' id='line_1_6' title="bbox 264 821 1382 912; baseline 0.004 -19"><span class='ocrx_word' id='word_1_33' title='bbox 264 823 435 910; x_wconf 81' lang='grc' dir='ltr'><strong><em>προλαβών</em></strong></span> <span class='ocrx_word' id='word_1_34' title='bbox 448 821 547 912; x_wconf 82' lang='grc' dir='ltr'><strong><em>ἔφαγε</em></strong></span> <span class='ocrx_word' id='word_1_35' title='bbox 569 825 649 891; x_wconf 84' lang='grc' dir='ltr'><strong><em>κατά</em></strong></span> <span class='ocrx_word' id='word_1_36' title='bbox 668 824 723 910; x_wconf 74' lang='grc' dir='ltr'>την</span> <span class='ocrx_word' id='word_1_37' title='bbox 741 829 797 910; x_wconf 76' lang='grc' dir='ltr'><strong><em>τῆς</em></strong></span> <span class='ocrx_word' id='word_1_38' title='bbox 814 823 952 910; x_wconf 77' lang='grc' dir='ltr'><strong><em>μεγάλης</em></strong></span> <span class='ocrx_word' id='word_1_39' title='bbox 972 830 1114 910; x_wconf 76' lang='grc' dir='ltr'><strong><em>πέμπτης</em></strong></span> <span class='ocrx_word' id='word_1_40' title='bbox 1133 825 1287 910; x_wconf 76' lang='grc' dir='ltr'><strong><em>ἑσπέραν,</em></strong></span> <span class='ocrx_word' id='word_1_41' title='bbox 1306 827 1382 904; x_wconf 68' lang='lat' dir='ltr'>stro</span> 
     </span>
     <span class='ocr_line' id='line_1_7' title="bbox 266 920 1350 1010; baseline 0.004 -21"><span class='ocrx_word' id='word_1_42' title='bbox 266 925 284 989; x_wconf 88' lang='grc' dir='ltr'><strong><em>ά</em></strong></span> <span class='ocrx_word' id='word_1_43' title='bbox 306 921 538 1008; x_wconf 75' lang='grc' dir='ltr'><strong><em>χρυσορρημοτν</em></strong></span> <span class='ocrx_word' id='word_1_44' title='bbox 563 923 716 1008; x_wconf 79' lang='grc' dir='ltr'>Ἰωάννης</span> <span class='ocrx_word' id='word_1_45' title='bbox 736 930 844 1010; x_wconf 71' lang='grc' dir='ltr'><strong><em>φησιν.</em></strong></span> <span class='ocrx_word' id='word_1_46' title='bbox 898 920 962 990; x_wconf 76' lang='grc' dir='ltr'><strong><em>εἶθ’</em></strong></span> <span class='ocrx_word' id='word_1_47' title='bbox 991 921 1096 1002; x_wconf 75' lang='grc' dir='ltr'><strong><em>οὕτως</em></strong></span> <span class='ocrx_word' id='word_1_48' title='bbox 1121 927 1288 994; x_wconf 63' lang='lat' dir='ltr'>desumus</span> <span class='ocrx_word' id='word_1_49' title='bbox 1308 930 1350 993; x_wconf 80' lang='grc' dir='ltr'>δι’</span> 
     </span>
     <span class='ocr_line' id='line_1_8' title="bbox 265 1015 1367 1110; baseline 0.003 -22"><span class='ocrx_word' id='word_1_50' title='bbox 265 1015 367 1108; x_wconf 83' lang='grc' dir='ltr'><strong><em>άρτου</em></strong></span> <span class='ocrx_word' id='word_1_51' title='bbox 388 1026 444 1088; x_wconf 81' lang='grc' dir='ltr'><strong><em>καί</em></strong></span> <span class='ocrx_word' id='word_1_52' title='bbox 465 1021 550 1089; x_wconf 82' lang='grc' dir='ltr'><strong><em>οἴνου</em></strong></span> <span class='ocrx_word' id='word_1_53' title='bbox 572 1022 608 1088; x_wconf 84' lang='grc' dir='ltr'>τά</span> <span class='ocrx_word' id='word_1_54' title='bbox 638 1025 750 1090; x_wconf 79' lang='grc' dir='ltr'><strong><em>οἰκεῖον</em></strong></span> <span class='ocrx_word' id='word_1_55' title='bbox 770 1020 880 1106; x_wconf 82' lang='grc' dir='ltr'><strong><em>πάσχα</em></strong></span> <span class='ocrx_word' id='word_1_56' title='bbox 901 1032 968 1100; x_wconf 85' lang='grc' dir='ltr'><strong><em>τοῖς</em></strong></span> <span class='ocrx_word' id='word_1_57' title='bbox 985 1027 1148 1110; x_wconf 73' lang='grc' dir='ltr'><strong><em>μαθηταῖς</em></strong></span> <span class='ocrx_word' id='word_1_58' title='bbox 1167 1028 1367 1110; x_wconf 65' lang='grc' dir='ltr'><strong><em>παρέδοσαν.</em></strong></span> 
     </span>
     <span class='ocr_line' id='line_1_9' title="bbox 266 1119 1391 1210; baseline 0.002 -22"><span class='ocrx_word' id='word_1_59' title='bbox 266 1123 418 1208; x_wconf 57' lang='lat' dir='ltr'>„isidem</span> <span class='ocrx_word' id='word_1_60' title='bbox 448 1123 586 1210; x_wconf 84' lang='grc' dir='ltr'><strong><em>φάγετε,</em></strong></span> <span class='ocrx_word' id='word_1_61' title='bbox 607 1123 699 1190; x_wconf 75' lang='grc' dir='ltr'><strong><em>τοῦτό</em></strong></span> <span class='ocrx_word' id='word_1_62' title='bbox 719 1121 787 1188; x_wconf 79' lang='grc' dir='ltr'><strong><em>ἐστι</em></strong></span> <span class='ocrx_word' id='word_1_63' title='bbox 817 1121 863 1188; x_wconf 78' lang='grc' dir='ltr'>τά</span> <span class='ocrx_word' id='word_1_64' title='bbox 876 1119 969 1204; x_wconf 74' lang='grc' dir='ltr'><strong><em>σῶμά</em></strong></span> <span class='ocrx_word' id='word_1_65' title='bbox 986 1148 1070 1206; x_wconf 88' lang='grc' dir='ltr'><strong><em>μου,</em></strong></span> <span class='ocrx_word' id='word_1_66' title='bbox 1089 1129 1146 1190; x_wconf 79' lang='grc' dir='ltr'><strong><em>κατ’</em></strong></span> <span class='ocrx_word' id='word_1_67' title='bbox 1166 1129 1253 1191; x_wconf 80' lang='grc' dir='ltr'><strong><em>αιἐτε</em></strong></span> <span class='ocrx_word' id='word_1_68' title='bbox 1273 1126 1354 1190; x_wconf 86' lang='grc' dir='ltr'><strong><em>πάν-</em></strong></span> <span class='ocrx_word' id='word_1_69' title='bbox 1385 1159 1391 1170; x_wconf 86' lang='lat'><em>.</em></span> 
     </span>
     <span class='ocr_line' id='line_1_10' title="bbox 266 1218 1354 1310; baseline 0.003 -21"><span class='ocrx_word' id='word_1_70' title='bbox 266 1247 333 1304; x_wconf 85' lang='grc' dir='ltr'><strong><em>τες,</em></strong></span> <span class='ocrx_word' id='word_1_71' title='bbox 361 1221 456 1289; x_wconf 75' lang='lat' dir='ltr'>sorici</span> <span class='ocrx_word' id='word_1_72' title='bbox 477 1226 546 1290; x_wconf 74' lang='lat' dir='ltr'>iuss</span> <span class='ocrx_word' id='word_1_73' title='bbox 572 1223 608 1292; x_wconf 83' lang='grc' dir='ltr'>τά</span> <span class='ocrx_word' id='word_1_74' title='bbox 640 1218 719 1304; x_wconf 80' lang='grc' dir='ltr'><strong><em>αἷμά</em></strong></span> <span class='ocrx_word' id='word_1_75' title='bbox 740 1225 838 1304; x_wconf 86' lang='grc' dir='ltr'><strong><em>μοα.”</em></strong></span> <span class='ocrx_word' id='word_1_76' title='bbox 894 1220 957 1310; x_wconf 85' lang='grc' dir='ltr'><strong><em>τιρά</em></strong></span> <span class='ocrx_word' id='word_1_77' title='bbox 980 1227 1088 1306; x_wconf 74' lang='grc' dir='ltr'><strong><em>μέντοι</em></strong></span> <span class='ocrx_word' id='word_1_78' title='bbox 1113 1228 1179 1290; x_wconf 77' lang='grc' dir='ltr'>τάν</span> <span class='ocrx_word' id='word_1_79' title='bbox 1200 1229 1354 1310; x_wconf 74' lang='grc' dir='ltr'><strong><em>μαθητῶν</em></strong></span> 
     </span>
     <span class='ocr_line' id='line_1_11' title="bbox 237 1320 1406 1406; baseline 0.008 -21"><span class='ocrx_word' id='word_1_80' title='bbox 237 1320 366 1400; x_wconf 75' lang='grc' dir='ltr'><strong><em>ῦαάτάς</em></strong></span> <span class='ocrx_word' id='word_1_81' title='bbox 387 1323 446 1388; x_wconf 79' lang='lat' dir='ltr'>rori</span> <span class='ocrx_word' id='word_1_82' title='bbox 465 1325 580 1390; x_wconf 74' lang='grc' dir='ltr'><strong><em>οἰκείου</em></strong></span> <span class='ocrx_word' id='word_1_83' title='bbox 600 1326 754 1406; x_wconf 78' lang='grc' dir='ltr'><strong><em>μετέλαβε</em></strong></span> <span class='ocrx_word' id='word_1_84' title='bbox 776 1322 924 1404; x_wconf 74' lang='grc' dir='ltr'><strong><em>σώματός</em></strong></span> <span class='ocrx_word' id='word_1_85' title='bbox 943 1346 977 1387; x_wconf 85' lang='grc' dir='ltr'>τε</span> <span class='ocrx_word' id='word_1_86' title='bbox 1008 1321 1064 1388; x_wconf 73' lang='grc' dir='ltr'><strong><em>κατ’</em></strong></span> <span class='ocrx_word' id='word_1_87' title='bbox 1081 1323 1226 1406; x_wconf 79' lang='grc' dir='ltr'><strong><em>αἵματος.</em></strong></span> <span class='ocrx_word' id='word_1_88' title='bbox 1269 1326 1353 1400; x_wconf 77' lang='grc' dir='ltr'><strong><em>τίνος</em></strong></span> <span class='ocrx_word' id='word_1_89' title='bbox 1368 1354 1406 1394; x_wconf 88' lang='grc' dir='ltr'>ιο</span> 
     </span>
     <span class='ocr_line' id='line_1_12' title="bbox 267 1419 1357 1508; baseline 0.002 -20"><span class='ocrx_word' id='word_1_90' title='bbox 267 1427 387 1500; x_wconf 62' lang='lat' dir='ltr'>issum</span> <span class='ocrx_word' id='word_1_91' title='bbox 402 1424 509 1505; x_wconf 75' lang='grc' dir='ltr'><strong><em>ἵναμή</em></strong></span> <span class='ocrx_word' id='word_1_92' title='bbox 525 1425 580 1488; x_wconf 75' lang='grc' dir='ltr'><strong><em>κατ’</em></strong></span> <span class='ocrx_word' id='word_1_93' title='bbox 594 1421 689 1488; x_wconf 86' lang='grc' dir='ltr'><strong><em>πάλιν</em></strong></span> <span class='ocrx_word' id='word_1_94' title='bbox 704 1419 733 1488; x_wconf 82' lang='grc' dir='ltr'>οἱ</span> <span class='ocrx_word' id='word_1_95' title='bbox 748 1425 895 1506; x_wconf 83' lang='grc' dir='ltr'><strong><em>μαθηταί</em></strong></span> <span class='ocrx_word' id='word_1_96' title='bbox 904 1427 1123 1507; x_wconf 72' lang='grc' dir='ltr'><strong><em>θορυβηθεῖσα,</em></strong></span> <span class='ocrx_word' id='word_1_97' title='bbox 1137 1421 1283 1508; x_wconf 82' lang='grc' dir='ltr'><strong><em>καθάπερ</em></strong></span> <span class='ocrx_word' id='word_1_98' title='bbox 1298 1427 1357 1490; x_wconf 61' lang='grc' dir='ltr'><strong><em>και*</em></strong></span> 
     </span>
     <span class='ocr_line' id='line_1_13' title="bbox 268 1517 1356 1606; baseline 0 -18"><span class='ocrx_word' id='word_1_99' title='bbox 268 1519 433 1606; x_wconf 82' lang='grc' dir='ltr'><strong><em>πρότερον.</em></strong></span> <span class='ocrx_word' id='word_1_100' title='bbox 458 1522 551 1604; x_wconf 67' lang='grc' dir='ltr'><strong><em>η’νιλια</em></strong></span> <span class='ocrx_word' id='word_1_101' title='bbox 565 1524 621 1586; x_wconf 81' lang='lat' dir='ltr'>sui</span> <span class='ocrx_word' id='word_1_102' title='bbox 633 1519 692 1604; x_wconf 83' lang='grc' dir='ltr'><strong><em>γάρ</em></strong></span> <span class='ocrx_word' id='word_1_103' title='bbox 705 1521 805 1586; x_wconf 73' lang='grc' dir='ltr'><strong><em>αὐτοῦ</em></strong></span> <span class='ocrx_word' id='word_1_104' title='bbox 823 1523 881 1587; x_wconf 79' lang='grc' dir='ltr'><strong><em>τοῦ</em></strong></span> <span class='ocrx_word' id='word_1_105' title='bbox 889 1525 1034 1605; x_wconf 77' lang='grc' dir='ltr'><strong><em>Χριστοῦ</em></strong></span> <span class='ocrx_word' id='word_1_106' title='bbox 1053 1525 1196 1606; x_wconf 79' lang='grc' dir='ltr'><strong><em>λέγοντος</em></strong></span> <span class='ocrx_word' id='word_1_107' title='bbox 1214 1517 1356 1605; x_wconf 80' lang='grc' dir='ltr'><strong><em>ἤκουσαν</em></strong></span> 
     </span>
     <span class='ocr_line' id='line_1_14' title="bbox 269 1617 1356 1707; baseline 0.002 -21"><span class='ocrx_word' id='word_1_108' title='bbox 269 1621 347 1704; x_wconf 69' lang='grc' dir='ltr'><strong><em>,βάν</em></strong></span> <span class='ocrx_word' id='word_1_109' title='bbox 367 1618 410 1704; x_wconf 75' lang='grc' dir='ltr'>μη</span> <span class='ocrx_word' id='word_1_110' title='bbox 427 1617 547 1704; x_wconf 87' lang='grc' dir='ltr'><strong><em>φάγητε</em></strong></span> <span class='ocrx_word' id='word_1_111' title='bbox 568 1618 625 1704; x_wconf 76' lang='grc' dir='ltr'>τὴν</span> <span class='ocrx_word' id='word_1_112' title='bbox 637 1617 741 1704; x_wconf 79' lang='grc' dir='ltr'><strong><em>σάρκα</em></strong></span> <span class='ocrx_word' id='word_1_113' title='bbox 759 1623 818 1686; x_wconf 81' lang='lat' dir='ltr'>sod</span> <span class='ocrx_word' id='word_1_114' title='bbox 832 1618 909 1686; x_wconf 76' lang='lat' dir='ltr'>olori</span> <span class='ocrx_word' id='word_1_115' title='bbox 924 1624 983 1686; x_wconf 78' lang='grc' dir='ltr'><strong><em>τοτῖ</em></strong></span> <span class='ocrx_word' id='word_1_116' title='bbox 999 1618 1171 1704; x_wconf 83' lang='grc' dir='ltr'><strong><em>άνθράπου</em></strong></span> <span class='ocrx_word' id='word_1_117' title='bbox 1191 1626 1247 1688; x_wconf 76' lang='grc' dir='ltr'><strong><em>κατ’</em></strong></span> <span class='ocrx_word' id='word_1_118' title='bbox 1264 1626 1356 1707; x_wconf 75' lang='grc' dir='ltr'><strong><em>πίητε</em></strong></span> 
     </span>
     <span class='ocr_line' id='line_1_15' title="bbox 271 1709 1357 1805; baseline 0.001 -20"><span class='ocrx_word' id='word_1_119' title='bbox 271 1713 373 1785; x_wconf 66' lang='lat' dir='ltr'>sisoi</span> <span class='ocrx_word' id='word_1_120' title='bbox 400 1717 436 1784; x_wconf 83' lang='grc' dir='ltr'><strong><em>τὸ</em></strong></span> <span class='ocrx_word' id='word_1_121' title='bbox 470 1713 569 1800; x_wconf 83' lang='grc' dir='ltr'><strong><em>αἷμα,</em></strong></span> <span class='ocrx_word' id='word_1_122' title='bbox 595 1719 654 1783; x_wconf 88' lang='grc' dir='ltr'>ουίι</span> <span class='ocrx_word' id='word_1_123' title='bbox 683 1715 772 1801; x_wconf 81' lang='grc' dir='ltr'><strong><em>ἔχετε</em></strong></span> <span class='ocrx_word' id='word_1_124' title='bbox 800 1719 883 1804; x_wconf 77' lang='grc' dir='ltr'><strong><em>ζωὴν</em></strong></span> <span class='ocrx_word' id='word_1_125' title='bbox 905 1722 940 1787; x_wconf 72' lang='grc' dir='ltr'><strong><em>ἐν</em></strong></span> <span class='ocrx_word' id='word_1_126' title='bbox 959 1714 1130 1802; x_wconf 52' lang='lat' dir='ltr'>&#39;iacenter</span> <span class='ocrx_word' id='word_1_127' title='bbox 1146 1709 1290 1805; x_wconf 78' lang='grc' dir='ltr'><strong><em>άπῆλθον</em></strong></span> <span class='ocrx_word' id='word_1_128' title='bbox 1310 1727 1357 1798; x_wconf 79' lang='grc' dir='ltr'><strong><em>εἰς</em></strong></span> 
     </span>
     <span class='ocr_line' id='line_1_16' title="bbox 268 1813 1408 1903; baseline 0.003 -21"><span class='ocrx_word' id='word_1_129' title='bbox 268 1818 308 1885; x_wconf 88' lang='grc' dir='ltr'>τά</span> <span class='ocrx_word' id='word_1_130' title='bbox 340 1813 441 1882; x_wconf 82' lang='lat' dir='ltr'>o&#39;rrs&#39;oro</span> <span class='ocrx_word' id='word_1_131' title='bbox 468 1821 523 1882; x_wconf 77' lang='grc' dir='ltr'><strong><em>κατ’</em></strong></span> <span class='ocrx_word' id='word_1_132' title='bbox 552 1817 659 1884; x_wconf 59' lang='lat' dir='ltr'>enixus</span> <span class='ocrx_word' id='word_1_133' title='bbox 686 1818 894 1902; x_wconf 76' lang='grc' dir='ltr'><strong><em>περιεπάτουν</em></strong></span> <span class='ocrx_word' id='word_1_134' title='bbox 923 1823 989 1901; x_wconf 86' lang='grc' dir='ltr'><strong><em>μετ’</em></strong></span> <span class='ocrx_word' id='word_1_135' title='bbox 1016 1820 1135 1903; x_wconf 70' lang='lat' dir='ltr'>edroi,</span> <span class='ocrx_word' id='word_1_136' title='bbox 1154 1823 1296 1902; x_wconf 81' lang='grc' dir='ltr'><strong><em>λέγοντες</em></strong></span> <span class='ocrx_word' id='word_1_137' title='bbox 1315 1819 1356 1903; x_wconf 79' lang='lat' dir='ltr'>„tl</span> <span class='ocrx_word' id='word_1_138' title='bbox 1370 1831 1408 1892; x_wconf 78' lang='lat'>15</span> 
     </span>
     <span class='ocr_line' id='line_1_17' title="bbox 269 1907 1358 2001; baseline 0.006 -19"><span class='ocrx_word' id='word_1_139' title='bbox 269 1918 362 2000; x_wconf 80' lang='grc' dir='ltr'><strong><em>λόγος</em></strong></span> <span class='ocrx_word' id='word_1_140' title='bbox 384 1907 474 1992; x_wconf 72' lang='grc' dir='ltr'><strong><em>οὗτος</em></strong></span> <span class='ocrx_word' id='word_1_141' title='bbox 493 1917 625 2000; x_wconf 85' lang='grc' dir='ltr'><strong><em>σκληρός</em></strong></span> <span class='ocrx_word' id='word_1_142' title='bbox 649 1919 737 1982; x_wconf 76' lang='grc' dir='ltr'><strong><em>ἐστι·</em></strong></span> <span class='ocrx_word' id='word_1_143' title='bbox 777 1921 825 1992; x_wconf 81' lang='grc' dir='ltr'><strong><em>τίς</em></strong></span> <span class='ocrx_word' id='word_1_144' title='bbox 844 1913 976 1983; x_wconf 72' lang='lat' dir='ltr'>times</span> <span class='ocrx_word' id='word_1_145' title='bbox 998 1908 1127 1984; x_wconf 84' lang='grc' dir='ltr'><strong><em>άκοάειν</em></strong></span> <span class='ocrx_word' id='word_1_146' title='bbox 1145 1923 1286 2001; x_wconf 71' lang='grc' dir='ltr'><strong><em>αάτοῦς”</em></strong></span> <span class='ocrx_word' id='word_1_147' title='bbox 1303 1924 1358 1989; x_wconf 72' lang='grc' dir='ltr'>ἵνα</span> 
     </span>
     <span class='ocr_line' id='line_1_18' title="bbox 270 2013 1357 2102; baseline 0.007 -24"><span class='ocrx_word' id='word_1_148' title='bbox 270 2017 347 2098; x_wconf 77' lang='grc' dir='ltr'><strong><em>γοῦν</em></strong></span> <span class='ocrx_word' id='word_1_149' title='bbox 366 2015 412 2100; x_wconf 75' lang='grc' dir='ltr'>μη</span> <span class='ocrx_word' id='word_1_150' title='bbox 444 2017 501 2080; x_wconf 79' lang='lat' dir='ltr'>seul</span> <span class='ocrx_word' id='word_1_151' title='bbox 519 2018 614 2080; x_wconf 84' lang='grc' dir='ltr'><strong><em>πάλιν</em></strong></span> <span class='ocrx_word' id='word_1_152' title='bbox 642 2017 783 2080; x_wconf 80' lang='grc' dir='ltr'><strong><em>τοιοῦτόν</em></strong></span> <span class='ocrx_word' id='word_1_153' title='bbox 801 2041 832 2082; x_wconf 90' lang='grc' dir='ltr'><strong><em>τι</em></strong></span> <span class='ocrx_word' id='word_1_154' title='bbox 855 2013 1000 2082; x_wconf 84' lang='grc' dir='ltr'><strong><em>πάθωσιν</em></strong></span> <span class='ocrx_word' id='word_1_155' title='bbox 1027 2013 1086 2083; x_wconf 73' lang='lat' dir='ltr'>rice</span> <span class='ocrx_word' id='word_1_156' title='bbox 1115 2023 1218 2102; x_wconf 84' lang='grc' dir='ltr'><strong><em>σάρκα</em></strong></span> <span class='ocrx_word' id='word_1_157' title='bbox 1237 2023 1357 2086; x_wconf 73' lang='grc' dir='ltr'><strong><em>ἐσθίειν</em></strong></span> 
     </span>
     <span class='ocr_line' id='line_1_19' title="bbox 272 2109 1358 2204; baseline 0.005 -26"><span class='ocrx_word' id='word_1_158' title='bbox 272 2115 327 2180; x_wconf 73' lang='grc' dir='ltr'><strong><em>κατ’</em></strong></span> <span class='ocrx_word' id='word_1_159' title='bbox 350 2109 431 2196; x_wconf 80' lang='grc' dir='ltr'><strong><em>αἷμα</em></strong></span> <span class='ocrx_word' id='word_1_160' title='bbox 451 2119 552 2180; x_wconf 81' lang='grc' dir='ltr'><strong><em>αι’νιιν</em></strong></span> <span class='ocrx_word' id='word_1_161' title='bbox 573 2119 748 2198; x_wconf 76' lang='grc' dir='ltr'><strong><em>μέλλοντες,</em></strong></span> <span class='ocrx_word' id='word_1_162' title='bbox 771 2118 894 2199; x_wconf 78' lang='grc' dir='ltr'><strong><em>πρῶτος</em></strong></span> <span class='ocrx_word' id='word_1_163' title='bbox 908 2116 1002 2192; x_wconf 78' lang='lat' dir='ltr'>edric</span> <span class='ocrx_word' id='word_1_164' title='bbox 1019 2120 1075 2201; x_wconf 77' lang='grc' dir='ltr'><strong><em>τῆς</em></strong></span> <span class='ocrx_word' id='word_1_165' title='bbox 1096 2112 1216 2184; x_wconf 74' lang='grc' dir='ltr'><strong><em>ἑαυτοῦ</em></strong></span> <span class='ocrx_word' id='word_1_166' title='bbox 1238 2119 1358 2204; x_wconf 80' lang='grc' dir='ltr'><strong><em>σαρκὸς</em></strong></span> 
     </span>
     <span class='ocr_line' id='line_1_20' title="bbox 270 2213 1358 2304; baseline 0.002 -24"><span class='ocrx_word' id='word_1_167' title='bbox 270 2213 477 2298; x_wconf 83' lang='grc' dir='ltr'><strong><em>άπτγιάοατο,</em></strong></span> <span class='ocrx_word' id='word_1_168' title='bbox 493 2219 596 2282; x_wconf 78' lang='grc' dir='ltr'><strong><em>θέλων</em></strong></span> <span class='ocrx_word' id='word_1_169' title='bbox 628 2215 855 2290; x_wconf 70' lang='grc' dir='ltr'><strong><em>άνλνάοιάστως</em></strong></span> <span class='ocrx_word' id='word_1_170' title='bbox 874 2220 937 2283; x_wconf 81' lang='grc' dir='ltr'>τάν</span> <span class='ocrx_word' id='word_1_171' title='bbox 963 2218 1113 2286; x_wconf 79' lang='grc' dir='ltr'><strong><em>τοιοάτιον</em></strong></span> <span class='ocrx_word' id='word_1_172' title='bbox 1133 2219 1358 2304; x_wconf 76' lang='grc' dir='ltr'><strong><em>ἐμφορηθῆναι</em></strong></span> 
     </span>
     <span class='ocr_line' id='line_1_21' title="bbox 269 2307 1409 2402; baseline 0.01 -26"><span class='ocrx_word' id='word_1_173' title='bbox 269 2313 325 2380; x_wconf 78' lang='grc' dir='ltr'><strong><em>κατ’</em></strong></span> <span class='ocrx_word' id='word_1_174' title='bbox 347 2307 477 2392; x_wconf 66' lang='lat' dir='ltr'>adroic.</span> <span class='ocrx_word' id='word_1_175' title='bbox 533 2311 569 2378; x_wconf 87' lang='grc' dir='ltr'><strong><em>τὸ</em></strong></span> <span class='ocrx_word' id='word_1_176' title='bbox 590 2317 627 2380; x_wconf 76' lang='grc' dir='ltr'>δὲ</span> <span class='ocrx_word' id='word_1_177' title='bbox 646 2317 787 2380; x_wconf 76' lang='grc' dir='ltr'><strong><em>τοιοῦτον</em></strong></span> <span class='ocrx_word' id='word_1_178' title='bbox 816 2309 976 2395; x_wconf 76' lang='grc' dir='ltr'><strong><em>ἑτοιμάζοι</em></strong></span> <span class='ocrx_word' id='word_1_179' title='bbox 996 2319 1119 2382; x_wconf 76' lang='grc' dir='ltr'><strong><em>δεῖπνον</em></strong></span> <span class='ocrx_word' id='word_1_180' title='bbox 1139 2316 1158 2380; x_wconf 81' lang='grc' dir='ltr'><strong><em>ά</em></strong></span> <span class='ocrx_word' id='word_1_181' title='bbox 1186 2319 1290 2402; x_wconf 77' lang='grc' dir='ltr'><strong><em>πατὴρ</em></strong></span> <span class='ocrx_word' id='word_1_182' title='bbox 1311 2321 1409 2393; x_wconf 82' lang='grc' dir='ltr'><strong><em>εἰςτο</em></strong></span> 
     </span>
    </p>
   </div>
   <div class='ocr_carea' id='block_1_3' title="bbox 238 2407 1356 2502">
    <p class='ocr_par' dir='ltr' id='par_1_3' title="bbox 238 2407 1356 2502">
     <span class='ocr_line' id='line_1_22' title="bbox 238 2407 1356 2502; baseline 0.005 -26"><span class='ocrx_word' id='word_1_183' title='bbox 238 2407 468 2500; x_wconf 75' lang='grc' dir='ltr'><strong><em>υπαράκλησιν</em></strong></span> <span class='ocrx_word' id='word_1_184' title='bbox 495 2415 557 2478; x_wconf 80' lang='grc' dir='ltr'>τῶν</span> <span class='ocrx_word' id='word_1_185' title='bbox 583 2417 756 2499; x_wconf 74' lang='grc' dir='ltr'><strong><em>μαθητῶν·</em></strong></span> <span class='ocrx_word' id='word_1_186' title='bbox 806 2409 891 2500; x_wconf 70' lang='grc' dir='ltr'><strong><em>ἑώρα</em></strong></span> <span class='ocrx_word' id='word_1_187' title='bbox 925 2413 986 2501; x_wconf 80' lang='grc' dir='ltr'><strong><em>γάρ</em></strong></span> <span class='ocrx_word' id='word_1_188' title='bbox 1021 2415 1139 2494; x_wconf 82' lang='grc' dir='ltr'><strong><em>αάτοάς</em></strong></span> <span class='ocrx_word' id='word_1_189' title='bbox 1165 2419 1204 2480; x_wconf 84' lang='grc' dir='ltr'><strong><em>σά</em></strong></span> <span class='ocrx_word' id='word_1_190' title='bbox 1234 2421 1356 2502; x_wconf 78' lang='grc' dir='ltr'><strong><em>μικράς</em></strong></span> 
     </span>
    </p>
   </div>
   <div class='ocr_carea' id='block_1_4' title="bbox 269 2661 1366 4143">
    <p class='ocr_par' dir='ltr' id='par_1_4' title="bbox 269 2661 1366 4143">
     <span class='ocr_line' id='line_1_23' title="bbox 270 2661 1355 2735; baseline 0.005 -22"><span class='ocrx_word' id='word_1_191' title='bbox 270 2661 430 2724; x_wconf 77' lang='lat' dir='ltr'>duceretur,</span> <span class='ocrx_word' id='word_1_192' title='bbox 450 2669 513 2713; x_wconf 86' lang='lat' dir='ltr'>ante</span> <span class='ocrx_word' id='word_1_193' title='bbox 532 2663 685 2730; x_wconf 71' lang='lat' dir='ltr'><strong>passionem</strong></span> <span class='ocrx_word' id='word_1_194' title='bbox 699 2663 754 2714; x_wconf 81' lang='lat' dir='ltr'>tale</span> <span class='ocrx_word' id='word_1_195' title='bbox 772 2661 840 2730; x_wconf 90' lang='lat' dir='ltr'>quid</span> <span class='ocrx_word' id='word_1_196' title='bbox 859 2663 947 2714; x_wconf 84' lang='lat' dir='ltr'>iacere</span> <span class='ocrx_word' id='word_1_197' title='bbox 965 2662 1063 2716; x_wconf 81' lang='lat' dir='ltr'>noluit.</span> <span class='ocrx_word' id='word_1_198' title='bbox 1083 2672 1249 2735; x_wconf 86' lang='lat' dir='ltr'>quapropter</span> <span class='ocrx_word' id='word_1_199' title='bbox 1265 2666 1355 2730; x_wconf 82' lang='lat' dir='ltr'>etiam,</span> 
     </span>
     <span class='ocr_line' id='line_1_24' title="bbox 269 2733 1321 2804; baseline 0.004 -22"><span class='ocrx_word' id='word_1_200' title='bbox 269 2748 320 2804; x_wconf 80' lang='lat' dir='ltr'>pro</span> <span class='ocrx_word' id='word_1_201' title='bbox 339 2733 474 2784; x_wconf 87' lang='lat' dir='ltr'>communi</span> <span class='ocrx_word' id='word_1_202' title='bbox 495 2749 636 2800; x_wconf 88' lang='lat' dir='ltr'>corporum</span> <span class='ocrx_word' id='word_1_203' title='bbox 655 2741 768 2794; x_wconf 86' lang='lat' dir='ltr'>natura,</span> <span class='ocrx_word' id='word_1_204' title='bbox 785 2733 908 2786; x_wconf 76' lang='lat' dir='ltr'><strong>localiter</strong></span> <span class='ocrx_word' id='word_1_205' title='bbox 925 2733 990 2785; x_wconf 89' lang='lat' dir='ltr'>hinc</span> <span class='ocrx_word' id='word_1_206' title='bbox 1008 2734 1073 2786; x_wconf 90' lang='lat' dir='ltr'>inde</span> <span class='ocrx_word' id='word_1_207' title='bbox 1092 2734 1321 2804; x_wconf 83' lang='lat' dir='ltr'>proficiscebatur.</span> 
     </span>
     <span class='ocr_line' id='line_1_25' title="bbox 340 2801 1353 2873; baseline 0.003 -19"><span class='ocrx_word' id='word_1_208' title='bbox 340 2801 494 2856; x_wconf 86' lang='lat' dir='ltr'>Secundum</span> <span class='ocrx_word' id='word_1_209' title='bbox 506 2801 575 2852; x_wconf 85' lang='lat' dir='ltr'>haec</span> <span class='ocrx_word' id='word_1_210' title='bbox 593 2801 660 2853; x_wconf 85' lang='lat' dir='ltr'>dnos</span> <span class='ocrx_word' id='word_1_211' title='bbox 676 2819 709 2854; x_wconf 82' lang='lat' dir='ltr'>ex</span> <span class='ocrx_word' id='word_1_212' title='bbox 727 2801 867 2872; x_wconf 77' lang='lat' dir='ltr'><strong>discipulis</strong></span> <span class='ocrx_word' id='word_1_213' title='bbox 886 2802 922 2854; x_wconf 88' lang='lat' dir='ltr'>ad</span> <span class='ocrx_word' id='word_1_214' title='bbox 942 2811 1044 2856; x_wconf 90' lang='lat' dir='ltr'>certum</span> <span class='ocrx_word' id='word_1_215' title='bbox 1062 2804 1200 2873; x_wconf 84' lang='lat' dir='ltr'>quendam</span> <span class='ocrx_word' id='word_1_216' title='bbox 1218 2803 1353 2858; x_wconf 86' lang='lat' dir='ltr'>bominem</span> 
     </span>
     <span class='ocr_line' id='line_1_26' title="bbox 270 2871 1354 2946; baseline 0.004 -22"><span class='ocrx_word' id='word_1_217' title='bbox 270 2873 387 2940; x_wconf 75' lang='lat' dir='ltr'>ablegat,</span> <span class='ocrx_word' id='word_1_218' title='bbox 405 2873 453 2941; x_wconf 89' lang='lat' dir='ltr'>qui</span> <span class='ocrx_word' id='word_1_219' title='bbox 477 2873 576 2940; x_wconf 79' lang='lat' dir='ltr'>pascha</span> <span class='ocrx_word' id='word_1_220' title='bbox 595 2871 680 2940; x_wconf 82' lang='lat' dir='ltr'>legale</span> <span class='ocrx_word' id='word_1_221' title='bbox 701 2881 880 2942; x_wconf 75' lang='lat' dir='ltr'>appararent,</span> <span class='ocrx_word' id='word_1_222' title='bbox 900 2875 976 2943; x_wconf 85' lang='lat' dir='ltr'>quod</span> <span class='ocrx_word' id='word_1_223' title='bbox 990 2874 1101 2946; x_wconf 88' lang='lat' dir='ltr'>quidem</span> <span class='ocrx_word' id='word_1_224' title='bbox 1119 2885 1183 2927; x_wconf 88' lang='lat' dir='ltr'>ante</span> <span class='ocrx_word' id='word_1_225' title='bbox 1202 2878 1354 2945; x_wconf 84' lang='lat' dir='ltr'>passionem</span> 
     </span>
     <span class='ocr_line' id='line_1_27' title="bbox 271 2943 1357 3015; baseline 0.004 -21"><span class='ocrx_word' id='word_1_226' title='bbox 271 2943 407 3005; x_wconf 85' lang='lat' dir='ltr'>eomedit,</span> <span class='ocrx_word' id='word_1_227' title='bbox 423 2943 482 3010; x_wconf 80' lang='lat' dir='ltr'>ipsa</span> <span class='ocrx_word' id='word_1_228' title='bbox 504 2959 616 3012; x_wconf 81' lang='lat' dir='ltr'>magnae</span> <span class='ocrx_word' id='word_1_229' title='bbox 634 2945 745 3013; x_wconf 80' lang='lat' dir='ltr'><strong>quintae</strong></span> <span class='ocrx_word' id='word_1_230' title='bbox 765 2945 849 2995; x_wconf 89' lang='lat' dir='ltr'>feriae</span> <span class='ocrx_word' id='word_1_231' title='bbox 867 2961 995 3013; x_wconf 80' lang='lat' dir='ltr'>vespera,</span> <span class='ocrx_word' id='word_1_232' title='bbox 1013 2945 1240 3015; x_wconf 78' lang='lat' dir='ltr'>quemadmodum</span> <span class='ocrx_word' id='word_1_233' title='bbox 1256 2949 1357 2998; x_wconf 87' lang='lat' dir='ltr'>loban-</span> 
     </span>
     <span class='ocr_line' id='line_1_28' title="bbox 271 3013 1356 3085; baseline 0.001 -19"><span class='ocrx_word' id='word_1_234' title='bbox 271 3029 320 3066; x_wconf 83' lang='lat' dir='ltr'>nes</span> <span class='ocrx_word' id='word_1_235' title='bbox 338 3013 543 3080; x_wconf 72' lang='lat' dir='ltr'>chrysostomus</span> <span class='ocrx_word' id='word_1_236' title='bbox 559 3014 655 3084; x_wconf 90' lang='lat' dir='ltr'>inquit.</span> <span class='ocrx_word' id='word_1_237' title='bbox 675 3014 775 3066; x_wconf 86' lang='lat' dir='ltr'>deiude</span> <span class='ocrx_word' id='word_1_238' title='bbox 793 3013 924 3065; x_wconf 89' lang='lat' dir='ltr'>accubans</span> <span class='ocrx_word' id='word_1_239' title='bbox 942 3033 1013 3085; x_wconf 81' lang='lat' dir='ltr'>pane</span> <span class='ocrx_word' id='word_1_240' title='bbox 1031 3033 1063 3068; x_wconf 86' lang='lat' dir='ltr'>ao</span> <span class='ocrx_word' id='word_1_241' title='bbox 1082 3018 1146 3069; x_wconf 76' lang='lat' dir='ltr'>eino</span> <span class='ocrx_word' id='word_1_242' title='bbox 1161 3016 1261 3085; x_wconf 83' lang='lat' dir='ltr'>pascha</span> <span class='ocrx_word' id='word_1_243' title='bbox 1278 3035 1356 3069; x_wconf 77' lang='lat' dir='ltr'>curun</span> 
     </span>
     <span class='ocr_line' id='line_1_29' title="bbox 272 3082 1359 3154; baseline 0.004 -20"><span class='ocrx_word' id='word_1_244' title='bbox 272 3082 415 3154; x_wconf 72' lang='lat' dir='ltr'>discipulis</span> <span class='ocrx_word' id='word_1_245' title='bbox 435 3083 578 3153; x_wconf 87' lang='lat' dir='ltr'>praebuit,</span> <span class='ocrx_word' id='word_1_246' title='bbox 596 3101 655 3136; x_wconf 87' lang='lat' dir='ltr'>cum</span> <span class='ocrx_word' id='word_1_247' title='bbox 675 3085 716 3136; x_wconf 87' lang='lat' dir='ltr'>his</span> <span class='ocrx_word' id='word_1_248' title='bbox 737 3085 827 3137; x_wconf 84' lang='lat' dir='ltr'>verbis</span> <span class='ocrx_word' id='word_1_249' title='bbox 844 3093 967 3138; x_wconf 88' lang='lat' dir='ltr'>uteretur</span> <span class='ocrx_word' id='word_1_250' title='bbox 983 3088 1119 3150; x_wconf 88' lang='lat' dir='ltr'>„sumite,</span> <span class='ocrx_word' id='word_1_251' title='bbox 1136 3087 1288 3140; x_wconf 74' lang='lat' dir='ltr'>comedite:</span> <span class='ocrx_word' id='word_1_252' title='bbox 1305 3089 1359 3138; x_wconf 86' lang='lat' dir='ltr'>boc</span> 
     </span>
     <span class='ocr_line' id='line_1_30' title="bbox 273 3155 1357 3228; baseline 0.004 -22"><span class='ocrx_word' id='word_1_253' title='bbox 273 3163 315 3206; x_wconf 86' lang='lat' dir='ltr'>est</span> <span class='ocrx_word' id='word_1_254' title='bbox 342 3171 439 3224; x_wconf 83' lang='lat' dir='ltr'>corpus</span> <span class='ocrx_word' id='word_1_255' title='bbox 465 3157 579 3206; x_wconf 82' lang='lat' dir='ltr'>meum.&#39;&#39;</span> <span class='ocrx_word' id='word_1_256' title='bbox 605 3156 670 3208; x_wconf 89' lang='lat' dir='ltr'>item</span> <span class='ocrx_word' id='word_1_257' title='bbox 698 3155 805 3220; x_wconf 85' lang='lat' dir='ltr'>„bibite</span> <span class='ocrx_word' id='word_1_258' title='bbox 840 3172 951 3208; x_wconf 87' lang='lat' dir='ltr'>omnes:</span> <span class='ocrx_word' id='word_1_259' title='bbox 978 3157 1023 3209; x_wconf 84' lang='lat' dir='ltr'>hie</span> <span class='ocrx_word' id='word_1_260' title='bbox 1049 3175 1125 3210; x_wconf 88' lang='lat' dir='ltr'>meus</span> <span class='ocrx_word' id='word_1_261' title='bbox 1154 3168 1196 3211; x_wconf 92' lang='lat' dir='ltr'>est</span> <span class='ocrx_word' id='word_1_262' title='bbox 1225 3160 1357 3228; x_wconf 50' lang='lat' dir='ltr'>sanguim·</span> 
     </span>
     <span class='ocr_line' id='line_1_31' title="bbox 272 3223 1359 3298; baseline 0.003 -22"><span class='ocrx_word' id='word_1_263' title='bbox 272 3223 381 3292; x_wconf 75' lang='lat' dir='ltr'>(Mettis.</span> <span class='ocrx_word' id='word_1_264' title='bbox 408 3227 442 3276; x_wconf 75' lang='lat'>26</span> <span class='ocrx_word' id='word_1_265' title='bbox 465 3227 518 3288; x_wconf 74' lang='lat'>26,</span> <span class='ocrx_word' id='word_1_266' title='bbox 546 3225 628 3277; x_wconf 83' lang='lat' dir='ltr'>Mure.</span> <span class='ocrx_word' id='word_1_267' title='bbox 659 3227 687 3292; x_wconf 66' lang='grc' dir='ltr'><strong><em>ιη</em></strong></span> <span class='ocrx_word' id='word_1_268' title='bbox 708 3241 760 3290; x_wconf 83' lang='lat' dir='ltr'>aa,</span> <span class='ocrx_word' id='word_1_269' title='bbox 784 3227 849 3278; x_wconf 83' lang='lat' dir='ltr'>Luc.</span> <span class='ocrx_word' id='word_1_270' title='bbox 873 3242 905 3280; x_wconf 83' lang='lat' dir='ltr'>aa</span> <span class='ocrx_word' id='word_1_271' title='bbox 928 3243 974 3294; x_wconf 82' lang='grc' dir='ltr'>ιφ,</span> <span class='ocrx_word' id='word_1_272' title='bbox 1004 3228 1094 3279; x_wconf 86' lang='lat' dir='ltr'>rCor.</span> <span class='ocrx_word' id='word_1_273' title='bbox 1123 3245 1150 3282; x_wconf 85' lang='grc' dir='ltr'><strong><em>τι</em></strong></span> <span class='ocrx_word' id='word_1_274' title='bbox 1185 3230 1232 3298; x_wconf 71' lang='lat' dir='ltr'>ai)</span> <span class='ocrx_word' id='word_1_275' title='bbox 1250 3231 1359 3298; x_wconf 86' lang='lat' dir='ltr'>etqui·</span> 
     </span>
     <span class='ocr_line' id='line_1_32' title="bbox 273 3293 1360 3368; baseline 0.004 -22"><span class='ocrx_word' id='word_1_276' title='bbox 273 3296 334 3346; x_wconf 89' lang='lat' dir='ltr'>dem</span> <span class='ocrx_word' id='word_1_277' title='bbox 361 3303 424 3346; x_wconf 88' lang='lat' dir='ltr'>ante</span> <span class='ocrx_word' id='word_1_278' title='bbox 449 3293 597 3364; x_wconf 88' lang='lat' dir='ltr'>discipulos</span> <span class='ocrx_word' id='word_1_279' title='bbox 626 3299 684 3366; x_wconf 81' lang='lat' dir='ltr'>ipss</span> <span class='ocrx_word' id='word_1_280' title='bbox 708 3298 848 3366; x_wconf 78' lang='lat' dir='ltr'>proprium</span> <span class='ocrx_word' id='word_1_281' title='bbox 874 3313 971 3368; x_wconf 82' lang='lat' dir='ltr'>corpus</span> <span class='ocrx_word' id='word_1_282' title='bbox 997 3305 1081 3368; x_wconf 83' lang='lat' dir='ltr'>atquc</span> <span class='ocrx_word' id='word_1_283' title='bbox 1110 3300 1270 3366; x_wconf 78' lang='lat' dir='ltr'>sanguinem</span> <span class='ocrx_word' id='word_1_284' title='bbox 1297 3317 1360 3368; x_wconf 83' lang='lat' dir='ltr'>par-</span> 
     </span>
     <span class='ocr_line' id='line_1_33' title="bbox 273 3365 1360 3440; baseline 0.005 -24"><span class='ocrx_word' id='word_1_285' title='bbox 273 3366 404 3434; x_wconf 82' lang='lat' dir='ltr'>ticiparit.</span> <span class='ocrx_word' id='word_1_286' title='bbox 431 3365 604 3435; x_wconf 89' lang='lat' dir='ltr'>quamobrem</span> <span class='ocrx_word' id='word_1_287' title='bbox 631 3367 719 3420; x_wconf 75' lang='lat' dir='ltr'>letne?</span> <span class='ocrx_word' id='word_1_288' title='bbox 750 3367 920 3429; x_wconf 76' lang='lat' dir='ltr'>ne‚seilicet</span> <span class='ocrx_word' id='word_1_289' title='bbox 952 3384 1056 3420; x_wconf 87' lang='lat' dir='ltr'>rursum</span> <span class='ocrx_word' id='word_1_290' title='bbox 1090 3368 1217 3439; x_wconf 81' lang='lat' dir='ltr'>discipuli</span> <span class='ocrx_word' id='word_1_291' title='bbox 1251 3379 1360 3440; x_wconf 85' lang='lat' dir='ltr'>pertur-</span> 
     </span>
     <span class='ocr_line' id='line_1_34' title="bbox 273 3437 1362 3506; baseline 0.002 -16"><span class='ocrx_word' id='word_1_292' title='bbox 273 3437 423 3497; x_wconf 87' lang='lat' dir='ltr'>barentur,</span> <span class='ocrx_word' id='word_1_293' title='bbox 456 3437 681 3506; x_wconf 87' lang='lat' dir='ltr'>quemadmodum</span> <span class='ocrx_word' id='word_1_294' title='bbox 719 3447 782 3489; x_wconf 87' lang='lat' dir='ltr'>ante</span> <span class='ocrx_word' id='word_1_295' title='bbox 813 3437 966 3500; x_wconf 82' lang='lat' dir='ltr'>acciderat,</span> <span class='ocrx_word' id='word_1_296' title='bbox 1004 3455 1064 3490; x_wconf 88' lang='lat' dir='ltr'>cum</span> <span class='ocrx_word' id='word_1_297' title='bbox 1098 3439 1233 3492; x_wconf 83' lang='lat' dir='ltr'>Christum</span> <span class='ocrx_word' id='word_1_298' title='bbox 1267 3441 1362 3492; x_wconf 80' lang='lat' dir='ltr'>dieen-</span> 
     </span>
     <span class='ocr_line' id='line_1_35' title="bbox 274 3505 1363 3580; baseline 0.005 -22"><span class='ocrx_word' id='word_1_299' title='bbox 274 3516 330 3558; x_wconf 88' lang='lat' dir='ltr'>tem</span> <span class='ocrx_word' id='word_1_300' title='bbox 348 3505 514 3560; x_wconf 76' lang='lat' dir='ltr'>audivissent</span> <span class='ocrx_word' id='word_1_301' title='bbox 537 3508 686 3580; x_wconf 74' lang='grc'>(10.654)</span> <span class='ocrx_word' id='word_1_302' title='bbox 710 3509 782 3571; x_wconf 84' lang='lat' dir='ltr'>„nisi</span> <span class='ocrx_word' id='word_1_303' title='bbox 808 3507 980 3560; x_wconf 85' lang='lat' dir='ltr'>comederitis</span> <span class='ocrx_word' id='word_1_304' title='bbox 1004 3525 1110 3562; x_wconf 80' lang='lat' dir='ltr'>carnem</span> <span class='ocrx_word' id='word_1_305' title='bbox 1125 3511 1176 3562; x_wconf 77' lang='lat' dir='ltr'>sulii</span> <span class='ocrx_word' id='word_1_306' title='bbox 1195 3511 1312 3563; x_wconf 87' lang='lat' dir='ltr'>bominis</span> <span class='ocrx_word' id='word_1_307' title='bbox 1332 3519 1363 3563; x_wconf 82' lang='lat' dir='ltr'>et</span> 
     </span>
     <span class='ocr_line' id='line_1_36' title="bbox 277 3577 1362 3651; baseline 0.002 -21"><span class='ocrx_word' id='word_1_308' title='bbox 277 3577 434 3646; x_wconf 70' lang='lat' dir='ltr'>sangumem</span> <span class='ocrx_word' id='word_1_309' title='bbox 456 3579 514 3630; x_wconf 86' lang='lat' dir='ltr'>eius</span> <span class='ocrx_word' id='word_1_310' title='bbox 532 3577 677 3640; x_wconf 85' lang='lat' dir='ltr'>biberitis,</span> <span class='ocrx_word' id='word_1_311' title='bbox 694 3579 778 3631; x_wconf 79' lang='lat' dir='ltr'>vitam</span> <span class='ocrx_word' id='word_1_312' title='bbox 796 3580 826 3630; x_wconf 90' lang='lat' dir='ltr'>iu</span> <span class='ocrx_word' id='word_1_313' title='bbox 840 3578 917 3630; x_wconf 78' lang='lat' dir='ltr'>robis</span> <span class='ocrx_word' id='word_1_314' title='bbox 944 3579 1046 3631; x_wconf 88' lang='lat' dir='ltr'>nullam</span> <span class='ocrx_word' id='word_1_315' title='bbox 1067 3580 1204 3645; x_wconf 59' lang='lat' dir='ltr'>babetisf&#39;</span> <span class='ocrx_word' id='word_1_316' title='bbox 1221 3597 1277 3650; x_wconf 82' lang='lat' dir='ltr'>quo</span> <span class='ocrx_word' id='word_1_317' title='bbox 1297 3582 1362 3651; x_wconf 88' lang='lat' dir='ltr'>qui-</span> 
     </span>
     <span class='ocr_line' id='line_1_37' title="bbox 278 3648 1361 3720; baseline 0.001 -19"><span class='ocrx_word' id='word_1_318' title='bbox 278 3648 339 3701; x_wconf 89' lang='lat' dir='ltr'>dem</span> <span class='ocrx_word' id='word_1_319' title='bbox 358 3656 481 3717; x_wconf 86' lang='lat' dir='ltr'>tempore</span> <span class='ocrx_word' id='word_1_320' title='bbox 500 3648 535 3700; x_wconf 89' lang='lat' dir='ltr'>ab</span> <span class='ocrx_word' id='word_1_321' title='bbox 554 3665 586 3699; x_wconf 83' lang='lat' dir='ltr'>eo</span> <span class='ocrx_word' id='word_1_322' title='bbox 615 3649 772 3702; x_wconf 80' lang='lat' dir='ltr'>recedentes</span> <span class='ocrx_word' id='word_1_323' title='bbox 791 3665 848 3700; x_wconf 89' lang='lat' dir='ltr'>non</span> <span class='ocrx_word' id='word_1_324' title='bbox 875 3649 990 3719; x_wconf 84' lang='lat' dir='ltr'>amplius</span> <span class='ocrx_word' id='word_1_325' title='bbox 1008 3667 1068 3701; x_wconf 86' lang='lat' dir='ltr'>cum</span> <span class='ocrx_word' id='word_1_326' title='bbox 1089 3652 1149 3720; x_wconf 84' lang='lat' dir='ltr'>ipso</span> <span class='ocrx_word' id='word_1_327' title='bbox 1167 3651 1361 3715; x_wconf 80' lang='lat' dir='ltr'>ambulabant,</span> 
     </span>
     <span class='ocr_line' id='line_1_38' title="bbox 277 3718 1363 3789; baseline 0.006 -20"><span class='ocrx_word' id='word_1_328' title='bbox 277 3718 352 3789; x_wconf 79' lang='lat' dir='ltr'>quod</span> <span class='ocrx_word' id='word_1_329' title='bbox 372 3719 495 3772; x_wconf 87' lang='lat' dir='ltr'>dicerent</span> <span class='ocrx_word' id='word_1_330' title='bbox 523 3719 634 3770; x_wconf 80' lang='lat' dir='ltr'>verbum</span> <span class='ocrx_word' id='word_1_331' title='bbox 664 3720 733 3770; x_wconf 80' lang='lat' dir='ltr'>intuo</span> <span class='ocrx_word' id='word_1_332' title='bbox 752 3720 847 3771; x_wconf 88' lang='lat' dir='ltr'>durum</span> <span class='ocrx_word' id='word_1_333' title='bbox 867 3737 946 3784; x_wconf 89' lang='lat' dir='ltr'>esse,</span> <span class='ocrx_word' id='word_1_334' title='bbox 994 3721 1048 3771; x_wconf 89' lang='lat' dir='ltr'>uod</span> <span class='ocrx_word' id='word_1_335' title='bbox 1067 3723 1162 3774; x_wconf 83' lang='lat' dir='ltr'>eudire</span> <span class='ocrx_word' id='word_1_336' title='bbox 1182 3738 1263 3774; x_wconf 86' lang='lat' dir='ltr'>nemo</span> <span class='ocrx_word' id='word_1_337' title='bbox 1280 3723 1363 3776; x_wconf 82' lang='lat' dir='ltr'>facile</span> 
     </span>
     <span class='ocr_line' id='line_1_39' title="bbox 277 3738 1364 3862; baseline 0.006 -22"><span class='ocrx_word' id='word_1_338' title='bbox 277 3791 371 3860; x_wconf 84' lang='lat' dir='ltr'>possit.</span> <span class='ocrx_word' id='word_1_339' title='bbox 392 3789 565 3858; x_wconf 82' lang='lat' dir='ltr'>quemobrem</span> <span class='ocrx_word' id='word_1_340' title='bbox 584 3807 619 3840; x_wconf 87' lang='lat' dir='ltr'>ne</span> <span class='ocrx_word' id='word_1_341' title='bbox 638 3807 741 3841; x_wconf 88' lang='lat' dir='ltr'>rursum</span> <span class='ocrx_word' id='word_1_342' title='bbox 767 3790 901 3842; x_wconf 89' lang='lat' dir='ltr'>eiusmodi</span> <span class='ocrx_word' id='word_1_343' title='bbox 930 3738 1061 3861; x_wconf 80' lang='lat' dir='ltr'>quiddam</span> <span class='ocrx_word' id='word_1_344' title='bbox 1079 3793 1144 3862; x_wconf 85' lang='lat' dir='ltr'>ipsis</span> <span class='ocrx_word' id='word_1_345' title='bbox 1162 3793 1312 3856; x_wconf 84' lang='lat' dir='ltr'>accideret,</span> <span class='ocrx_word' id='word_1_346' title='bbox 1329 3802 1364 3846; x_wconf 80' lang='lat' dir='ltr'>nt</span> 
     </span>
     <span class='ocr_line' id='line_1_40' title="bbox 278 3859 1363 3933; baseline 0.004 -23"><span class='ocrx_word' id='word_1_347' title='bbox 278 3863 326 3931; x_wconf 86' lang='lat' dir='ltr'>qui</span> <span class='ocrx_word' id='word_1_348' title='bbox 345 3877 451 3912; x_wconf 86' lang='lat' dir='ltr'>carnem</span> <span class='ocrx_word' id='word_1_349' title='bbox 472 3861 614 3911; x_wconf 88' lang='lat' dir='ltr'>comesturi</span> <span class='ocrx_word' id='word_1_350' title='bbox 637 3867 664 3911; x_wconf 88' lang='lat' dir='ltr'>et</span> <span class='ocrx_word' id='word_1_351' title='bbox 682 3859 797 3912; x_wconf 84' lang='lat' dir='ltr'>bibituri</span> <span class='ocrx_word' id='word_1_352' title='bbox 816 3861 973 3932; x_wconf 78' lang='lat' dir='ltr'>sanguinem</span> <span class='ocrx_word' id='word_1_353' title='bbox 991 3871 1089 3924; x_wconf 75' lang='lat' dir='ltr'>essent,</span> <span class='ocrx_word' id='word_1_354' title='bbox 1107 3865 1208 3932; x_wconf 72' lang='lat' dir='ltr'>primus</span> <span class='ocrx_word' id='word_1_355' title='bbox 1227 3864 1285 3933; x_wconf 87' lang='lat' dir='ltr'>ipse</span> <span class='ocrx_word' id='word_1_356' title='bbox 1302 3880 1363 3914; x_wconf 84' lang='lat' dir='ltr'>oar-</span> 
     </span>
     <span class='ocr_line' id='line_1_41' title="bbox 278 3929 1364 4004; baseline 0.003 -22"><span class='ocrx_word' id='word_1_357' title='bbox 278 3949 339 3983; x_wconf 86' lang='lat' dir='ltr'>nern</span> <span class='ocrx_word' id='word_1_358' title='bbox 363 3947 437 3982; x_wconf 81' lang='lat' dir='ltr'>snam</span> <span class='ocrx_word' id='word_1_359' title='bbox 464 3929 635 3998; x_wconf 79' lang='lat' dir='ltr'>degustavit,</span> <span class='ocrx_word' id='word_1_360' title='bbox 663 3939 694 3982; x_wconf 87' lang='lat' dir='ltr'>ut</span> <span class='ocrx_word' id='word_1_361' title='bbox 722 3934 769 4000; x_wconf 84' lang='lat' dir='ltr'>qui</span> <span class='ocrx_word' id='word_1_362' title='bbox 797 3932 864 3982; x_wconf 87' lang='lat' dir='ltr'>citra</span> <span class='ocrx_word' id='word_1_363' title='bbox 890 3949 995 3984; x_wconf 89' lang='lat' dir='ltr'>omnem</span> <span class='ocrx_word' id='word_1_364' title='bbox 1019 3934 1218 3985; x_wconf 77' lang='lat' dir='ltr'>vacillationem</span> <span class='ocrx_word' id='word_1_365' title='bbox 1244 3942 1273 3986; x_wconf 91' lang='lat' dir='ltr'>et</span> <span class='ocrx_word' id='word_1_366' title='bbox 1290 3935 1364 4004; x_wconf 83' lang='lat' dir='ltr'>ipsos</span> 
     </span>
     <span class='ocr_line' id='line_1_42' title="bbox 278 4000 1366 4070; baseline 0.004 -18"><span class='ocrx_word' id='word_1_367' title='bbox 278 4001 353 4052; x_wconf 81' lang='lat' dir='ltr'>lriece</span> <span class='ocrx_word' id='word_1_368' title='bbox 372 4000 451 4052; x_wconf 89' lang='lat' dir='ltr'>rebus</span> <span class='ocrx_word' id='word_1_369' title='bbox 471 4001 582 4052; x_wconf 78' lang='lat' dir='ltr'>saturari</span> <span class='ocrx_word' id='word_1_370' title='bbox 601 4001 694 4053; x_wconf 79' lang='lat' dir='ltr'>vellet.</span> <span class='ocrx_word' id='word_1_371' title='bbox 711 4010 795 4070; x_wconf 89' lang='lat' dir='ltr'>atque</span> <span class='ocrx_word' id='word_1_372' title='bbox 813 4001 882 4053; x_wconf 85' lang='lat' dir='ltr'>itanc</span> <span class='ocrx_word' id='word_1_373' title='bbox 900 4020 1011 4055; x_wconf 87' lang='lat' dir='ltr'>coenam</span> <span class='ocrx_word' id='word_1_374' title='bbox 1025 4003 1149 4055; x_wconf 75' lang='lat' dir='ltr'>domiuus</span> <span class='ocrx_word' id='word_1_375' title='bbox 1168 4004 1203 4054; x_wconf 90' lang='lat' dir='ltr'>ad</span> <span class='ocrx_word' id='word_1_376' title='bbox 1221 4006 1366 4056; x_wconf 75' lang='lat' dir='ltr'>consulan-</span> 
     </span>
     <span class='ocr_line' id='line_1_43' title="bbox 279 4069 1365 4143; baseline 0.005 -23"><span class='ocrx_word' id='word_1_377' title='bbox 279 4072 328 4122; x_wconf 84' lang='lat' dir='ltr'>rios</span> <span class='ocrx_word' id='word_1_378' title='bbox 348 4070 495 4139; x_wconf 87' lang='lat' dir='ltr'>discipulos</span> <span class='ocrx_word' id='word_1_379' title='bbox 514 4071 641 4122; x_wconf 86' lang='lat' dir='ltr'>instituit.</span> <span class='ocrx_word' id='word_1_380' title='bbox 653 4072 767 4124; x_wconf 78' lang='lat' dir='ltr'>videbat</span> <span class='ocrx_word' id='word_1_381' title='bbox 778 4074 850 4124; x_wconf 85' lang='lat' dir='ltr'>enirn</span> <span class='ocrx_word' id='word_1_382' title='bbox 868 4073 932 4124; x_wconf 89' lang='lat' dir='ltr'>illos</span> <span class='ocrx_word' id='word_1_383' title='bbox 948 4091 1003 4125; x_wconf 91' lang='lat' dir='ltr'>non</span> <span class='ocrx_word' id='word_1_384' title='bbox 1021 4091 1116 4143; x_wconf 88' lang='lat' dir='ltr'>parum</span> <span class='ocrx_word' id='word_1_385' title='bbox 1135 4069 1288 4143; x_wconf 67' lang='lat' dir='ltr'>pavidis&#39;et</span> <span class='ocrx_word' id='word_1_386' title='bbox 1309 4076 1365 4126; x_wconf 82' lang='lat' dir='ltr'>lra-</span> 
     </span>
    </p>
   </div>
   <div class='ocr_carea' id='block_1_5' title="bbox 279 4142 1366 4217">
    <p class='ocr_par' dir='ltr' id='par_1_5' title="bbox 279 4142 1366 4217">
     <span class='ocr_line' id='line_1_44' title="bbox 279 4142 1366 4217; baseline 0.006 -25"><span class='ocrx_word' id='word_1_387' title='bbox 279 4143 330 4194; x_wconf 84' lang='lat' dir='ltr'>ctis</span> <span class='ocrx_word' id='word_1_388' title='bbox 360 4142 457 4194; x_wconf 84' lang='lat' dir='ltr'>animis</span> <span class='ocrx_word' id='word_1_389' title='bbox 485 4157 543 4194; x_wconf 80' lang='lat' dir='ltr'>ease</span> <span class='ocrx_word' id='word_1_390' title='bbox 570 4150 681 4214; x_wconf 81' lang='lat' dir='ltr'>propter</span> <span class='ocrx_word' id='word_1_391' title='bbox 704 4161 779 4196; x_wconf 86' lang='lat' dir='ltr'>suam</span> <span class='ocrx_word' id='word_1_392' title='bbox 806 4143 839 4195; x_wconf 90' lang='lat' dir='ltr'>ab</span> <span class='ocrx_word' id='word_1_393' title='bbox 865 4145 932 4216; x_wconf 80' lang='lat' dir='ltr'>ipsis</span> <span class='ocrx_word' id='word_1_394' title='bbox 966 4144 1165 4199; x_wconf 77' lang='lat' dir='ltr'>discessionem.</span> <span class='ocrx_word' id='word_1_395' title='bbox 1193 4147 1366 4217; x_wconf 81' lang='lat' dir='ltr'>itaque,ceu</span> 
     </span>
    </p>
   </div>
   <div class='ocr_carea' id='block_1_6' title="bbox 0 0 1531 4859">
    <p class='ocr_par' dir='ltr' id='par_1_6' title="bbox 0 0 1531 4859">
     <span class='ocr_line' id='line_1_45' title="bbox 0 0 1531 4859; baseline 0 0"><span class='ocrx_word' id='word_1_396' title='bbox 0 0 1531 4859; x_wconf 95' lang='lat' dir='ltr'> </span> 
     </span>
    </p>
   </div>
  </div>
 </body>
</html>
