3000 4859
305 240 357 323 ὃν
632 262 850 328 ostentans
880 258 1046 323 otucsa

302 420 337 483 κε’
354 438 451 503 φησιν
485 412 502 479 ὅ
522 416 621 497 μέγας
638 412 808 485 Βασιλέως
828 412 862 473 έν
882 414 926 495 sq]
945 411 1021 491 περί
1039 405 1220 492 ρωσιὴρων
1242 410 1318 495 tara
1338 406 1397 472 λό-

303 540 348 605 γιρ
371 515 485 580 edroi.
534 510 592 597 τηίι
620 510 680 597 γάρ
703 504 930 593 ἀστρολογικὴν
956 510 1071 590 τέχνην
1092 508 1149 571 ἐπὶ
1165 510 1266 587 μέσον
1287 506 1396 589 παρά-

303 640 392 697 γων,
413 613 469 678 καὶ
488 606 571 687 ὅπως
591 608 660 693 ἔχει
684 608 827 691 μεθόδου
846 603 1076 686 κακιξετάζων,
1096 600 1181 670 οὕτω
1201 605 1283 669 κατὰ
1300 606 1394 691 ῥῆμα

306 715 461 793 διέξεισιν.
503 714 560 794 ,,έν
580 708 620 793 δι’]
643 708 769 783 τούτοις
785 717 851 783 τοῖς
877 714 1040 789 λογισμοῖς
1058 702 1140 769 aoid
1159 706 1221 784 μέν
1236 701 1273 769 sd
1296 701 1396 787 ἀνόη-

304 835 376 892 τον,
395 806 628 875 πολλαπλάσιον
649 810 685 873 δὲ
705 805 741 871 τὸ
764 801 905 886 ἀσεβές..
928 802 1011 879 σι’νος
1035 802 1153 884 iream
1173 798 1225 867 ὅτι
1247 799 1278 898 οἶ
1298 812 1426 877 πονο-5

306 908 392 974 nosci
414 912 492 975 τῶν·
509 910 650 991 ἀστέρων
678 910 733 991 τῆς
751 904 859 969 αὐτῶν
893 906 1046 986 πονηρίας
1068 900 1125 967 ἐπὶ
1141 897 1199 967 ris
1217 898 1397 985 ποιήσοντα

307 1006 426 1084 αὐτοῦς
445 1007 505 1091 ον’,ν
527 1008 631 1071 αἰτίαν
653 1005 891 1087 μοτατιθέαοιν.
912 1000 1020 1067 ἔπειτα
1037 1004 1069 1067 εἷ
1088 1003 1316 1083 autemsaepe*
1338 1023 1398 1064 νο-

280 1111 379 1173 caros
399 1110 455 1172 καί
481 1101 596 1191 dorsis
624 1102 844 1189 ἐνεργημάτων
863 1101 923 1168 oda
953 1104 989 1167 έκ
1008 1104 1068 1165 τοῦ
1094 1103 1149 1186 ἐφ’
1168 1099 1243 1184 η’μῑν
1261 1097 1341 1165 εἰσὶν
1360 1096 1399 1163 αἶ

311 1208 413 1291 ἀρχαὶ
433 1209 504 1271 ἀλλ’
522 1206 558 1271 έκ
577 1208 632 1288 τῆς
652 1205 802 1289 γενέσεως
821 1200 858 1267 ni
879 1200 1030 1284 σ’νᾰγκαι,
1051 1202 1196 1285 περιττοὶ
1212 1200 1273 1279 μέν
1292 1195 1322 1262 oi
1343 1219 1398 1263 νο-

308 1308 444 1387 μοθέται
477 1302 516 1369 sd
549 1307 691 1389 πρακτέα
718 1300 872 1387 ἡμῖνκαὶ
891 1299 933 1365 roi
954 1302 1097 1386 φευκτέα
1117 1300 1324 1383 έιοριζονεες,
1341 1320 1400 1361 πε·
1413 1326 1450 1366 ιο

311 1403 411 1489 ριηοί
428 1406 464 1469 δὲ
491 1402 521 1466 οἱ
545 1399 695 1466 δικασταὶ
711 1399 827 1485 ἀρετὴν
844 1401 996 1481 τιμῶντες
1015 1400 1072 1463 καί
1081 1402 1235 1482 πονηρίαν
1251 1395 1402 1474 κολάζον-

310 1527 379 1578 τες·
411 1496 448 1565 οὗ
468 1502 528 1581 μὲν
546 1497 606 1585 γοὶρ
626 1504 685 1564 κου’
704 1502 838 1563 κλέπτον
858 1496 893 1563 τὸ
912 1498 1073 1583 dirisque,
1094 1498 1169 1563 midi
1189 1500 1246 1562 rosi
1267 1499 1400 1583 φονέως,

313 1594 393 1691 ᾦγε
413 1599 489 1664 aridi
521 1602 702 1687 βουλομένην
734 1594 870 1663 δυνατὸν
891 1590 932 1682 ἧν
952 1607 1081 1681 κρατεῖν
1098 1601 1154 1680 τῆς
1173 1595 1291 1679 χειρός.
1330 1591 1403 1659 ἀλλ’

314 1702 372 1765 οο’κ
392 1694 461 1763 ἐστι
478 1700 593 1778 τοῦτο,
621 1696 680 1760 οὐκ
699 1694 808 1761 ἔστιν·
859 1694 1063 1775 αιῗεεξοέσιος
1085 1694 1147 1779 γὰρ
1172 1687 1401 1779 ὁιῖνθρωπος,

313 1794 362 1863 ὅτι
384 1798 440 1861 καί
458 1800 528 1861 κατ’
547 1794 650 1861 εἰκόνα
670 1796 824 1881 παρήχθη
842 1800 931 1877 θεοῦ,
949 1798 1000 1881 ἐφ’
1021 1787 1048 1886 ᾧ
1067 1798 1186 1877 γενέσει
1204 1796 1261 1857 καί
1280 1785 1450 1877 dorae-15

312 1921 363 1961 σιν
383 1896 445 1977 οὐχ
474 1893 666 1973 Ιέπιίκειται.”
707 1905 772 1971 τοῖς
801 1896 911 1978 μέντοι
931 1898 1178 1979 προσπταίοοσιν
1196 1888 1405 1975 ὁπωσδήποτε

221 2026 228 2039 ·
313 2000 386 2059 καθ’
404 1995 621 2079 εἱμαρμένην,
644 1993 687 2073 ὥς
707 1990 848 2079 εἴρηται,
868 1997 925 2059 καί
941 1990 1167 2078 συγγινώσκειν
1185 1984 1274 2070 οἴξιον
1294 1984 1344 2075 ἧν,
1363 1987 1404 2055 οὗ

313 2092 379 2178 μὴν
400 2096 563 2181 ἐπιφέρειν
585 2094 757 2179 μάστιγας,
776 2090 819 2169 ὥς
840 2089 856 2157 ὅ
877 2090 1115 2177 χροσορρὴμωκ
1134 2093 1276 2175 Ἰωάννης
1296 2092 1407 2176 φησίν.

283 2198 373 2261 Duas*
390 2195 452 2278 γάρ
473 2194 507 2258 έν
527 2186 574 2267 οἷς
594 2194 716 2271 ἐξέθετο
737 2193 841 2276 λόγοις
858 2195 932 2276 περὶ
950 2191 1139 2277 εἱμαρμένης
1158 2193 1215 2255 καὶ
1232 2188 1308 2256 arida
1321 2192 1409 2267 διέξ-

318 2318 390 2359 εισι.
449 2301 515 2367 τοῖς
544 2293 604 2372 μὲν
623 2284 682 2356 οὖν
702 2290 823 2378 ἀνάγκη
844 2293 1066 2374 κατεχομένοις
1083 2286 1305 2374 συγγινώσκειν
1317 2286 1409 2353 οἴδα-
1418 2320 1455 2359 20

317 2418 389 2475 μεν.
431 2386 491 2457 κέν
510 2389 571 2475 γὰρ
596 2388 659 2454 ν’πό
682 2387 832 2474 δαίμονός
851 2414 898 2467 εις
917 2392 1141 2474 ἐνοχλούμενος
1164 2384 1187 2473 ἢ
1208 2387 1264 2455 τόν
1281 2391 1408 2471 χιτῶνα

320 2491 474 2578 διαρρὴξη
493 2488 550 2555 τὸν
570 2488 721 2576 ἡμέτερον
744 2485 767 2573 ἢ
791 2489 911 2575 πληγεὶς
930 2492 1097 2577 έπενέγκη,
1118 2484 1157 2553 οὗ
1177 2485 1273 2571 μα’νον
1295 2490 1335 2553 osi
1355 2511 1410 2554 κο-

323 2814 389 2869 gnus
408 2796 456 2846 ille
481 2794 594 2847 Basilius
617 2796 647 2847 in
663 2796 787 2849 oratione
804 2804 894 2859 sexta,
914 2812 983 2865 quae
1002 2802 1045 2849 est
1070 2795 1106 2848 de
1121 2793 1312 2857 luminaribus,
1326 2793 1410 2846 dicat

324 2885 385 2919 nam
404 2875 488 2917 artem
517 2865 704 2935 astrologicam
727 2866 758 2921 in
773 2867 892 2919 medium
911 2868 1066 2936 proferens,
1094 2876 1123 2920 et
1139 2884 1210 2938 quae
1227 2868 1262 2918 sit
1278 2867 1335 2917 eins
1352 2882 1414 2916 me.

323 2937 424 2989 thodus
447 2935 605 3005 explorans,
624 2936 659 2987 ad
678 2936 789 2991 verbum
806 2936 860 2989 lroo
877 2937 959 2989 modo
983 2938 1113 3007 loquitur.
1130 2940 1159 2988 ln
1172 2938 1247 2990 lsisce
1267 2938 1416 2987 ratiocina-

324 3006 445 3059 tionibus
465 3022 559 3073 magna
589 3007 662 3059 inest
687 3008 806 3061 stultitia
824 3016 853 3060 et
869 3010 954 3059 maior
971 3010 1053 3060 etiam
1070 3010 1201 3078 impietas.
1217 3006 1414 3078 quamobrem?

325 3076 400 3147 quod
425 3077 546 3128 malefica
575 3080 713 3147 noxiaque
740 3076 845 3130 sidera·
858 3080 997 3149 pravitatis
1024 3096 1089 3131 suae
1106 3096 1214 3131 calisam
1229 3080 1260 3129 in
1275 3087 1414 3131 auctorem

325 3165 402 3199 suum
425 3148 596 3199 transferant.
626 3147 726 3201 deinde
749 3150 773 3200 si
796 3158 851 3201 tam
867 3151 961 3201 virtuti
989 3167 1069 3220 qnam
1086 3151 1158 3203 vitiis
1174 3158 1416 3202 consentanearum

325 3219 463 3269 actionum
481 3219 615 3287 principia
631 3235 688 3271 non
706 3228 769 3271 sunt
787 3221 816 3271 in
832 3228 925 3273 nostra
942 3228 1086 3290 potestate,
1107 3220 1156 3272 sed
1173 3239 1189 3271 a
1207 3222 1417 3275 necessitatibus

327 3287 461 3339 siderum
474 3290 665 3340 nataliciorum
683 3288 820 3359 pendent,
840 3290 1031 3360 supervacanei
1054 3298 1117 3342 sunt
1142 3289 1350 3359 legumlatoree‚
1366 3294 1417 3363 qui

328 3356 431 3425 agenda
449 3357 477 3407 fu
497 3356 632 3427 iendaque
661 3358 739 3411 nobis
757 3359 899 3413 definiunt.
923 3361 1029 3413 nullum
1046 3370 1088 3413 est
1106 3361 1180 3412 enim
1196 3362 1241 3413 vel
1259 3362 1325 3413 foris
1345 3362 1419 3414 deli-

329 3438 400 3479 ctum
416 3426 460 3479 rel
478 3374 647 3491 domicidae‚
671 3430 695 3481 si
712 3446 747 3481 ne
768 3430 862 3485 rolens
889 3432 1000 3517 quidem
1016 3433 1156 3483 continere
1174 3449 1282 3484 manum
1300 3442 1418 3501 poterat

330 3498 379 3549 sed
397 3514 453 3549 non
471 3506 514 3549 est
526 3498 578 3549 hoc
595 3515 701 3563 verum,
717 3516 776 3553 non
793 3510 843 3555 est.
861 3520 962 3573 quippe
980 3519 1044 3555 suae
1061 3502 1167 3572 spontis
1183 3512 1225 3555 est
1240 3502 1336 3564 homo,
1356 3521 1420 3555 cum

331 3568 367 3620 ad
388 3568 532 3635 imaginem
550 3568 596 3619 dei
613 3570 649 3621 sit
667 3569 772 3637 sactns3
791 3589 846 3641 quo
866 3574 899 3626 iit
914 3580 947 3624 ut
960 3590 1050 3643 neque
1067 3574 1200 3626 nativitati
1218 3581 1307 3625 certae
1325 3590 1421 3645 neque

331 3636 463 3693 sideribus
484 3637 621 3690 subiectus
640 3638 684 3695 sit.
704 3642 871 3710 quinetiam
889 3659 1001 3714 quoquo
1018 3644 1100 3695 modo
1119 3642 1343 3715 delinquentibus
1360 3647 1422 3698 fato

333 3708 466 3781 quodam,
483 3716 515 3759 ut
533 3708 662 3771 diximus,
682 3726 799 3781 aequum
813 3724 886 3767 esset
901 3716 1055 3785 ignoscere,
1072 3732 1128 3767 non
1145 3715 1274 3768 adhibere
1290 3715 1422 3779 verbera,

334 3776 560 3851 quemadmodum
577 3778 779 3846 Chrysostonrus
801 3784 849 3837 ait.
866 3802 928 3837 nam
947 3784 976 3834 in
993 3784 1159 3837 orationibus
1183 3802 1250 3855 quas
1269 3784 1367 3839 habuit
1384 3786 1423 3839 de

333 3850 401 3901 Fato
419 3848 574 3900 huiusmodi
600 3849 732 3917 quaedam
750 3853 850 3907 tradit:
875 3856 911 3907 iis
930 3855 979 3925 qui
997 3858 1156 3910 necessitate
1172 3864 1324 3926 coguntur,
1340 3859 1423 3927 igno-

334 3935 408 3971 scere
426 3919 552 3971 solemus.
571 3919 683 4001 etenim
704 3922 808 3991 siquis
825 3942 842 3975 a
864 3926 936 3978 malo
946 3930 1033 4047 χοοίο
1050 3936 1160 3979 vexatus
1172 3927 1218 3979 vel
1232 3928 1352 3980 tunicam
1369 3946 1425 3980 no-

335 3998 416 4042 stram
434 3991 592 4042 lacerarent
619 3989 664 4041 vel
679 4006 728 4041 nos
746 3993 905 4049 verberibus
928 4015 944 4048 a
966 3996 1077 4061 fecerit,
1093 4014 1147 4048 non
1166 3996 1248 4050 modo
1265 4015 1320 4051 nou
1359 4000 1425 4050 uni-

336 4078 395 4113 rnus
418 4076 497 4123 enm,
520 4058 570 4113 sed
600 4060 679 4111 etiam
704 4060 861 4116 miseramur
895 4068 1057 4139 veniamque
1085 4066 1217 4136 largimur.
1244 4085 1344 4137 qnamo
1366 4086 1425 4121 rem

338 4130 426 4187 istuc?
444 4132 510 4205 quia
538 4146 595 4187 nou
612 4129 754 4185 electionis
780 4134 829 4187 sed
846 4138 912 4189 mali
931 4138 1004 4207 genii
1031 4138 1072 4193 ris
1090 4154 1123 4190 ea
1140 4138 1298 4211 designavit.
1315 4156 1371 4211 qao
1393 4140 1424 4194 fit
