3000 4859
467 330 679 396 eudemum
710 333 811 398 rsus
840 337 864 396 1.
1145 307 1202 430 93

33 526 34 553 η
124 481 216 562 μένην
246 474 397 559 κατύραν.
449 476 559 564 ἐπειδή
586 478 647 562 γὰρ
678 483 824 565 προεῖδιν
853 476 868 542 δ
900 481 974 556 θεὸς
1007 477 1054 546 δτι
1074 483 1128 547 διὰ
1147 485 1203 548 τού

32 586 33 605 ’
124 569 225 661 ὄφεως
253 573 495 659 ἅπατηθήσεται
523 571 541 638 ὁ
573 569 739 660 ἅνθρωπος
767 581 941 644 ια’ντεύθιν
967 577 1062 656 αὐτὸς
1091 571 1203 666 δύφις

31 708 32 715 1
122 677 184 763 α’ρηῑ
203 676 421 752 ύποπεοτΐται,
445 672 556 738 τούτου
568 675 666 759 χάριν
685 679 830 758 εύλογίας
854 677 987 753 α’ξιοῑσαι
1006 677 1045 743 ια’
1065 687 1201 762 χερσαῖα

122 775 178 838 usic
200 772 362 860 ἔφθασεν,
386 773 438 837 ἵνα
467 772 512 856 μή
536 774 679 859 εὑρεθείη
710 773 750 840 τοὶ
771 774 855 840 αδτοὶ
876 777 1012 858 εύλογοῖν
1032 777 1085 840 καί
1105 802 1200 842 κατα·

29 898 31 1009 η
95 871 276 956 ὅρύμενος,
297 871 341 946 uic
364 867 525 947 θειότατός
547 897 642 958 φησιν
665 871 880 950 Ἀναοτύσιος.
932 874 1002 939 ἀλλ’
1021 871 1039 956 ή
1060 879 1118 954 μὲν
1139 879 1282 940 τούνῊθ

117 970 241 1054 ι’γθύων
253 971 350 1056 φύσις
364 972 585 1055 εὐτελεστέρας
606 973 695 1036 δοκεῖ
711 977 854 1057 μετέχειν
875 975 957 1056 ζωής
976 971 1081 1038 deciri
1104 975 1137 1038 ἐν
1161 978 1200 1061 τῇ

117 1073 273 1153 παχύτητι
293 1074 349 1135 τού
368 1065 483 1145 ύδατος
499 1072 701 1136 διαιτᾶσθαι·
720 1071 776 1135 καί
793 1072 852 1156 γοὶρ
876 1070 953 1156 ἀκοή
975 1075 1049 1156 παρ’
1072 1075 1199 1147 ἐκείνοις

116 1175 249 1250 βαρεῖα,
280 1172 338 1234 κατ’
366 1167 485 1253 ύρτύσιν
513 1163 638 1252 α’μβλύ,
666 1173 721 1234 καί
737 1165 810 1236 orire
830 1196 876 1246 τις
895 1171 1005 1256 μνήμη
1027 1175 1099 1256 παρ’
1119 1173 1280 1249 ἐκεί-Μρ

117 1291 181 1344 νοις
200 1261 276 1332 ούτε
297 1270 457 1353 φαντασία
472 1262 542 1334 ούτε
563 1266 721 1352 συνήθους
744 1269 919 1352 ἐπίγνωσις.
959 1272 1013 1334 ἐπὶ
1032 1273 1066 1336 δὲ
1081 1295 1115 1353 γε
1134 1280 1196 1346 τοῖς

79 1391 109 1430 ιο
114 1369 277 1449 χερσαίοις
295 1368 332 1430 τί
345 1366 410 1449 χρή
435 1368 490 1430 καί
507 1373 628 1450 λε’γεινς
648 1370 687 1432 αδ
703 1391 737 1431 τε
755 1367 816 1451 γὰρ
841 1369 1005 1452 αἰσθήσεις
1025 1370 1196 1453 τιτράνοιν-

115 1489 185 1548 τοι,
211 1469 269 1530 καί
288 1459 429 1548 ύκριβεῖς
448 1469 571 1547 μνῆμαι
598 1471 661 1530 τοῖν
683 1467 902 1547 παρελθόντων
923 1469 957 1532 ἐν
976 1468 1090 1544 αὐτοῖς.
1131 1462 1195 1532 οἶδε

116 1562 171 1647 τήν
189 1560 316 1648 συνήθη
339 1561 447 1649 φωνήν
466 1562 484 1627 o‘
506 1557 595 1646 ύνος,
618 1561 701 1630 οἶδεν
721 1562 797 1629 idcir
819 1565 857 1649 ήν
877 1569 1025 1642 πολλάκις
1048 1566 1193 1649 ἐβύδισε,

116 1668 172 1728 καί
185 1687 248 1728 που
269 1664 327 1728 καί
344 1661 454 1748 δδηγὸς
474 1665 569 1728 ἐνίοτε
590 1666 804 1750 α’ποσφαλὲντι
823 1669 866 1754 τῷ
884 1665 1040 1755 ἀνθρώπῳ
1059 1669 1192 1750 γίνεται·

116 1762 205 1828 τὸδὲ
226 1763 374 1848 ὄξυήκοον
395 1766 454 1825 τού
474 1763 556 1842 ζώου
580 1766 672 1827 ου’δὲν
692 1757 769 1827 ἄλλο
785 1789 816 1828 τι
840 1767 960 1846 λέγεται
979 1769 1043 1830 τοῖν
1062 1770 1194 1848 χερσαί-

76 1863 162 1926 siue
181 1863 276 1946 ἔχειν.
295 1861 332 1928 τύ
357 1865 393 1927 δὲ
412 1865 475 1928 ταῖν
489 1861 637 1946 καμήλων
647 1862 835 1946 μνησίκακον
854 1864 909 1928 καί
925 1863 1087 1949 βαρύμηνι
1102 1867 1191 1946 διαρ-

115 1966 166 2036 κὲς
194 1960 275 2046 πρὸς
301 1960 399 2046 σ’ργήν
428 1965 495 2037 πούς
515 1954 553 2026 ύν
572 1985 619 2035 τις
639 1959 730 2048 εἴπης
750 1959 849 2025 πύλαι
872 1966 945 2028 ποτὲ
967 1971 1118 2046 πληγεῖσα
1137 1965 1192 2030 κά-

115 2067 219 2142 μηλος,
243 2063 356 2149 μακρηῖ
368 2062 474 2148 χρόνῳ
486 2063 721 2144 ταμιευσαμδνη
738 2057 798 2145 τήν
814 2064 919 2144 μῆνιν,
939 2059 1071 2125 ἐπειδὰν
1085 2063 1192 2126 ευίιαι-
1244 2113 1248 2122 ,

117 2160 182 2238 ρίας
201 2155 354 2243 λα’βηται,
373 2156 408 2223 τύ
425 2157 522 2223 κακὸν
543 2151 736 2229 ἀντιδίδωσι.
775 2157 937 2223 τοῦτοκαὶ
953 2161 1008 2224 ἐπί
1024 2161 1192 2245 ἐλέφαντος

114 2255 331 2341 ἱστορούμενον
358 2254 503 2340 εύρομεν.
549 2260 623 2322 ποτὲ
657 2256 719 2341 γαρ
754 2259 798 2336 εἰς
825 2255 1036 2342 ἱπποδρομίαν
1072 2258 1214 2344 crepare

74 2353 308 2439 οούπαγύμενος
340 2354 549 2441 καταλλάκτην
569 2356 637 2422 τινα
659 2354 838 2439 καθήμενον
858 2355 890 2421 ὲν
910 2359 953 2443 τῷ
973 2360 1067 2445 μιλίηι
1088 2356 1187 2444 φόνου

113 2461 259 2540 πεποίηκε
276 2455 496 2540 παρανάλωμα
516 2452 570 2519 διδ
590 2460 653 2519 ταῖν
672 2453 807 2519 δδόντοιν
829 2456 946 2536 ου’τοῧ,
969 2450 1105 2531 ἆνοιδτός
1124 2482 1189 2532 πως

113 2560 165 2620 καί
183 2555 323 2632 α’τοὶκτως
342 2553 486 2641 ὁρμήσας
499 2558 567 2620 κατ’
585 2556 694 2619 odron.
736 2550 771 2620 τὸ
794 2556 825 2617 δ’
844 2550 948 2619 αἴτιον
963 2548 1012 2620 ὅτι
1033 2555 1093 2640 πρὸ
1116 2559 1188 2621 δέκα

179 2741 206 2793 8.
223 2737 328 2812 ὅρασις
348 2730 472 2812 ύμρλοκή
491 2739 520 2791 F.
623 2755 657 2806 p·
668 2735 734 2792 orire
751 2737 805 2792 τού
822 2737 986 2806 corridenti

148 2926 182 2962 ae
204 2927 262 2962 non
286 2909 374 2961 nauito
390 2917 453 2979 port
477 2907 620 2961 subsecuto
641 2897 768 2960 ert'naus
786 2910 851 2978 quia
869 2909 989 2961 sutorum
1009 2909 1190 2980 prospiciebat

109 2928 177 3032 δύαι
193 2989 226 3032 ut
242 2980 323 3032 homo
340 2995 389 3050 per
406 2988 558 3048 serpentem
575 2979 751 3048 deciperetur·
763 2994 849 3048 eaque
868 2979 903 3032 de
920 2997 998 3031 causa
1015 2997 1124 3049 rerpcns
1143 2999 1190 3032 cx-

110 3051 255 3103 secretioni
278 3049 471 3114 subiiceretur‚
496 3051 592 3101 iccirco
610 3057 749 3101 terrestrer
774 3048 873 3102 bertius
893 3051 1082 3118 imprecatione
1103 3052 1191 3104 incerto

109 3123 200 3174 noluit
215 3121 291 3190 prins
309 3119 430 3188 dignari,
446 3135 482 3170 ne
499 3119 751 3189 deprehenderetur
769 3119 863 3170 eudem
883 3129 911 3171 et
927 3121 1117 3188 imprecatione
1131 3123 1190 3172 iau-

109 3201 147 3243 sta
164 3199 193 3242 et
215 3193 399 3242 exsecratione
423 3191 564 3260 prosequi,
587 3192 659 3242 sicut
681 3190 720 3240 uit
746 3190 787 3239 vir
812 3189 918 3241 divinus
936 3191 1097 3242 Anastasius.
1113 3193 1189 3244 ride-

109 3269 152 3313 tur
180 3271 271 3328 autem
295 3271 390 3312 notura
414 3261 528 3329 piscium
553 3261 631 3312 tenui
661 3258 779 3382 spondam
805 3267 832 3310 et
859 3259 909 3310 vili
931 3261 1039 3310 omnino
1061 3261 1116 3312 cita
1136 3262 1189 3314 irni

108 3341 253 3402 propterea
272 3331 347 3400 quod
365 3333 394 3384 in
423 3347 511 3400 aquae
528 3331 647 3382 crassitie
686 3338 773 3398 egant.
792 3345 853 3382 uam
873 3337 901 3381 et
918 3330 1003 3396 gravis
1021 3347 1051 3382 rc
1071 3330 1188 3386 difficilis

104 3411 150 3462 ,est
177 3401 252 3471 apud
269 3402 342 3470 ipeoe
360 3398 478 3464 auditio,
495 3410 524 3454 et
537 3400 664 3452 obtusum
677 3408 798 3452 cernunt.
822 3417 873 3452 nec
890 3399 1040 3452 recordatio
1058 3409 1100 3454 ert
1116 3403 1189 3471 apud

107 3472 181 3541 ipeor
200 3471 258 3523 uiia
281 3487 332 3524 nec
350 3472 507 3540 imaginatio
536 3488 586 3522 nec
604 3472 642 3522 rei
665 3479 810 3521 consuetae
829 3471 937 3539 agnitio.
956 3479 1062 3522 atvero
1081 3471 1115 3523 de
1133 3482 1188 3525 ter-

102 3543 239 3616 pestribus
263 3542 331 3610 quid
356 3558 423 3610 opus
443 3551 485 3592 ert
510 3542 596 3592 muita
614 3541 840 3592 commemorare?
867 3549 930 3592 runt
945 3539 986 3592 hie
1004 3557 1076 3592 acres
1094 3559 1187 3594 eensue

107 3622 136 3664 et
154 3613 243 3663 rernm
260 3613 465 3680 praeteritarum
484 3610 691 3663 recordationes.
708 3613 786 3662 norit
803 3626 896 3662 vocem
917 3620 1070 3664 consuetam
1087 3612 1140 3664 ribi
1157 3631 1187 3662 oc

106 3683 266 3734 familiarem
290 3683 389 3733 asinus.
415 3682 494 3734 novit
515 3681 587 3732 viam
603 3698 683 3751 quam
700 3682 809 3748 saepius
828 3681 917 3743 trivit,
944 3683 974 3732 nc
994 3699 1187 3751 nonnunquam

106 3757 189 3804 etiarn
205 3747 265 3807 vhe
292 3751 349 3803 dux
366 3759 408 3802 est
429 3751 550 3814 homini,
570 3753 618 3820 qui
644 3750 785 3802 oberravit.
808 3749 916 3802 ruditus
934 3758 1024 3803 sutem
1044 3753 1187 3802 acrimonia

103 3823 226 3874 tantuin
242 3821 296 3874 hoc
315 3830 356 3874 est
372 3823 482 3874 animoli
500 3830 602 3892 quauta
622 3837 680 3873 esee
697 3822 726 3872 in
746 3821 800 3871 aiio
817 3820 895 3870 nulio
913 3823 1079 3874 terrestrium
1096 3821 1188 3890 perhi-

104 3893 194 3946 betur.
212 3895 242 3944 in
263 3892 366 3944 camelo
383 3909 453 3961 qrrne
471 3892 630 3944 iniuriarum
644 3893 681 3943 sit
700 3890 846 3952 memorio,
864 3906 935 3959 quae
952 3891 1098 3952 iracundia,
1116 3909 1188 3961 quae

104 3964 191 4014 inire
219 3963 414 4032 perseveratio,
440 3979 495 4032 quo
519 3970 600 4030 pacto
622 3963 686 4030 quis
713 3960 853 4030 explicet?
880 3961 903 4012 si
920 3961 963 4013 rel
981 3962 1046 4012 oiim
1063 3961 1188 4014 verbero-

103 4035 218 4096 tussit,
240 4034 280 4084 ira
298 4032 427 4084 diuturno
446 4043 568 4101 ternpore
592 4032 677 4084 veluti
697 4048 769 4100 peon
789 4029 906 4100 quodam
926 4031 1075 4096 recondita,
1092 4049 1187 4100 quam-

104 4104 221 4170 primum
237 4119 267 4152 re
285 4103 473 4172 opportunitas
492 4098 637 4165 obtulerit,
663 4102 748 4157 ricem
767 4101 856 4153 reiert.
876 4100 910 4152 de
928 4101 1072 4170 elephanto
1092 4099 1185 4152 huiua-

104 4174 177 4226 nsodi
198 4171 330 4244 quiddam
354 4174 499 4232 memoriae
515 4170 653 4244 proditum
678 4171 835 4245 reperimus.
855 4187 915 4224 cnm
933 4171 962 4223 in
978 4169 1186 4244 hippodromum
