<?xml version="1.0" encoding="UTF-8"?>
<!DOCTYPE html PUBLIC "-//W3C//DTD XHTML 1.0 Transitional//EN"
    "http://www.w3.org/TR/xhtml1/DTD/xhtml1-transitional.dtd">
<html xmlns="http://www.w3.org/1999/xhtml" xml:lang="en" lang="en">
 <head>
  <title>
</title>
<meta http-equiv="Content-Type" content="text/html;charset=utf-8" />
  <meta name='ocr-system' content='tesseract 3.04.00' />
  <meta name='ocr-capabilities' content='ocr_page ocr_carea ocr_par ocr_line ocrx_word'/>
</head>
<body>
  <div class='ocr_page' id='page_1' title='image "./michaelisglycae02glycgoog/michaelisglycae02glycgoog_0468.png"; bbox 0 0 3000 4859; ppageno 0'>
   <div class='ocr_carea' id='block_1_1' title="bbox 285 297 1035 410">
    <p class='ocr_par' dir='ltr' id='par_1_1' title="bbox 285 297 1035 410">
     <span class='ocr_line' id='line_1_1' title="bbox 285 297 1035 410; baseline -0.013 -16"><span class='ocrx_word' id='word_1_1' title='bbox 285 308 376 410; x_wconf 72' lang='lat' dir='ltr'>iso</span> <span class='ocrx_word' id='word_1_2' title='bbox 623 297 842 392; x_wconf 71' lang='lat' dir='ltr'>strennuus</span> <span class='ocrx_word' id='word_1_3' title='bbox 871 315 1035 385; x_wconf 68' lang='lat' dir='ltr'>euscio</span> 
     </span>
    </p>
   </div>
   <div class='ocr_carea' id='block_1_2' title="bbox 181 467 1427 2461">
    <p class='ocr_par' dir='ltr' id='par_1_2' title="bbox 285 467 1407 972">
     <span class='ocr_line' id='line_1_2' title="bbox 370 467 1378 566; baseline -0.017 -17"><span class='ocrx_word' id='word_1_4' title='bbox 370 479 442 550; x_wconf 76' lang='grc' dir='ltr'>Καὶ</span> <span class='ocrx_word' id='word_1_5' title='bbox 464 470 624 566; x_wconf 72' lang='grc' dir='ltr'><strong><em>ὤφθησαν</em></strong></span> <span class='ocrx_word' id='word_1_6' title='bbox 643 477 754 552; x_wconf 71' lang='lat' dir='ltr'>adroic</span> <span class='ocrx_word' id='word_1_7' title='bbox 774 471 1037 559; x_wconf 72' lang='grc' dir='ltr'><strong><em>διαμεριζόμεναι</em></strong></span> <span class='ocrx_word' id='word_1_8' title='bbox 1055 473 1198 556; x_wconf 72' lang='grc' dir='ltr'><strong><em>γλῶσσαι</em></strong></span> <span class='ocrx_word' id='word_1_9' title='bbox 1217 467 1297 535; x_wconf 63' lang='lat' dir='ltr'>does*</span> <span class='ocrx_word' id='word_1_10' title='bbox 1316 491 1378 533; x_wconf 82' lang='grc' dir='ltr'><strong><em>νιν·</em></strong></span> 
     </span>
     <span class='ocr_line' id='line_1_3' title="bbox 287 567 1375 673; baseline -0.02 -21"><span class='ocrx_word' id='word_1_11' title='bbox 287 583 354 673; x_wconf 88' lang='grc' dir='ltr'><strong><em>ρός.</em></strong></span> <span class='ocrx_word' id='word_1_12' title='bbox 397 579 452 648; x_wconf 70' lang='lat' dir='ltr'>tad</span> <span class='ocrx_word' id='word_1_13' title='bbox 472 580 508 645; x_wconf 84' lang='grc' dir='ltr'>τό</span> <span class='ocrx_word' id='word_1_14' title='bbox 523 579 685 662; x_wconf 71' lang='grc' dir='ltr'><strong><em>χλῶσσιιις</em></strong></span> <span class='ocrx_word' id='word_1_15' title='bbox 714 573 826 658; x_wconf 71' lang='grc' dir='ltr'><strong><em>ἐπειδὴ</em></strong></span> <span class='ocrx_word' id='word_1_16' title='bbox 850 571 1051 660; x_wconf 74' lang='grc' dir='ltr'><strong><em>νηρόχματος</em></strong></span> <span class='ocrx_word' id='word_1_17' title='bbox 1065 573 1170 656; x_wconf 79' lang='grc' dir='ltr'><strong><em>χρειά,</em></strong></span> <span class='ocrx_word' id='word_1_18' title='bbox 1191 573 1249 635; x_wconf 75' lang='lat' dir='ltr'>seui</span> <span class='ocrx_word' id='word_1_19' title='bbox 1263 567 1316 633; x_wconf 69' lang='grc' dir='ltr'>ἵνα</span> <span class='ocrx_word' id='word_1_20' title='bbox 1338 567 1375 634; x_wconf 82' lang='grc' dir='ltr'>τό</span> 
     </span>
     <span class='ocr_line' id='line_1_4' title="bbox 286 665 1379 771; baseline -0.021 -18"><span class='ocrx_word' id='word_1_21' title='bbox 286 689 397 771; x_wconf 80' lang='grc' dir='ltr'><strong><em>σχῆμα</em></strong></span> <span class='ocrx_word' id='word_1_22' title='bbox 418 679 479 768; x_wconf 73' lang='grc' dir='ltr'>τὴν</span> <span class='ocrx_word' id='word_1_23' title='bbox 498 681 658 762; x_wconf 80' lang='grc' dir='ltr'><strong><em>ἐνέργειαν</em></strong></span> <span class='ocrx_word' id='word_1_24' title='bbox 680 671 880 762; x_wconf 79' lang='grc' dir='ltr'><strong><em>ἐρμηνιόσῃ,</em></strong></span> <span class='ocrx_word' id='word_1_25' title='bbox 898 672 983 740; x_wconf 84' lang='grc' dir='ltr'><strong><em>καθό</em></strong></span> <span class='ocrx_word' id='word_1_26' title='bbox 1005 695 1104 760; x_wconf 84' lang='grc' dir='ltr'><strong><em>φησιν</em></strong></span> <span class='ocrx_word' id='word_1_27' title='bbox 1121 665 1139 734; x_wconf 89' lang='grc' dir='ltr'><strong><em>ό</em></strong></span> <span class='ocrx_word' id='word_1_28' title='bbox 1159 667 1218 753; x_wconf 73' lang='grc' dir='ltr'>τόν</span> <span class='ocrx_word' id='word_1_29' title='bbox 1234 671 1379 752; x_wconf 72' lang='grc' dir='ltr'><strong><em>χλόὴται</em></strong></span> 
     </span>
     <span class='ocr_line' id='line_1_5' title="bbox 285 761 1378 870; baseline -0.02 -20"><span class='ocrx_word' id='word_1_30' title='bbox 285 785 440 870; x_wconf 80' lang='grc' dir='ltr'><strong><em>χρυσοῦς.</em></strong></span> <span class='ocrx_word' id='word_1_31' title='bbox 483 779 584 852; x_wconf 72' lang='lat' dir='ltr'>dissic</span> <span class='ocrx_word' id='word_1_32' title='bbox 603 773 665 861; x_wconf 77' lang='grc' dir='ltr'>χόρ</span> <span class='ocrx_word' id='word_1_33' title='bbox 686 766 769 861; x_wconf 83' lang='grc' dir='ltr'><strong><em>ἦσαν</em></strong></span> <span class='ocrx_word' id='word_1_34' title='bbox 791 771 822 839; x_wconf 77' lang='grc' dir='ltr'>οἳ</span> <span class='ocrx_word' id='word_1_35' title='bbox 839 771 1030 855; x_wconf 85' lang='grc' dir='ltr'><strong><em>όπόστολοι,</em></strong></span> <span class='ocrx_word' id='word_1_36' title='bbox 1060 774 1117 836; x_wconf 99' lang='grc' dir='ltr'><strong><em>καί</em></strong></span> <span class='ocrx_word' id='word_1_37' title='bbox 1144 768 1227 854; x_wconf 89' lang='grc' dir='ltr'><strong><em>πρός</em></strong></span> <span class='ocrx_word' id='word_1_38' title='bbox 1251 765 1289 832; x_wconf 88' lang='grc' dir='ltr'>τό</span> <span class='ocrx_word' id='word_1_39' title='bbox 1318 761 1378 850; x_wconf 73' lang='grc' dir='ltr'>αὴ·</span> 
     </span>
     <span class='ocr_line' id='line_1_6' title="bbox 286 862 1407 972; baseline -0.012 -23"><span class='ocrx_word' id='word_1_40' title='bbox 286 907 395 972; x_wconf 80' lang='grc' dir='ltr'><strong><em>ρογμοι</em></strong></span> <span class='ocrx_word' id='word_1_41' title='bbox 415 877 508 966; x_wconf 75' lang='grc' dir='ltr'><strong><em>λόγον</em></strong></span> <span class='ocrx_word' id='word_1_42' title='bbox 529 877 661 944; x_wconf 69' lang='lat' dir='ltr'>secono.</span> <span class='ocrx_word' id='word_1_43' title='bbox 702 870 910 958; x_wconf 78' lang='grc' dir='ltr'><strong><em>μεριζόμεναι</em></strong></span> <span class='ocrx_word' id='word_1_44' title='bbox 931 874 968 939; x_wconf 77' lang='lat' dir='ltr'>di</span> <span class='ocrx_word' id='word_1_45' title='bbox 987 867 1092 954; x_wconf 81' lang='grc' dir='ltr'><strong><em>εἶπεν,</em></strong></span> <span class='ocrx_word' id='word_1_46' title='bbox 1116 865 1165 935; x_wconf 77' lang='grc' dir='ltr'><strong><em>’ότι</em></strong></span> <span class='ocrx_word' id='word_1_47' title='bbox 1184 870 1250 951; x_wconf 82' lang='grc' dir='ltr'>πόρ</span> <span class='ocrx_word' id='word_1_48' title='bbox 1271 862 1407 952; x_wconf 70' lang='grc' dir='ltr'><strong><em>ἐφᾶιηό</em></strong></span> 
     </span>
    </p>

    <p class='ocr_par' dir='ltr' id='par_1_3' title="bbox 183 963 1427 2244">
     <span class='ocr_line' id='line_1_7' title="bbox 251 963 1375 1068; baseline -0.022 -15"><span class='ocrx_word' id='word_1_49' title='bbox 251 980 518 1068; x_wconf 77' lang='grc' dir='ltr'><strong><em>υκατερχόμινον</em></strong></span> <span class='ocrx_word' id='word_1_50' title='bbox 540 977 712 1060; x_wconf 81' lang='grc' dir='ltr'><strong><em>μονοειδές,</em></strong></span> <span class='ocrx_word' id='word_1_51' title='bbox 733 967 804 1039; x_wconf 78' lang='grc' dir='ltr'><strong><em>εἶτα</em></strong></span> <span class='ocrx_word' id='word_1_52' title='bbox 826 979 893 1050; x_wconf 81' lang='grc' dir='ltr'><strong><em>τοῖς</em></strong></span> <span class='ocrx_word' id='word_1_53' title='bbox 917 972 1104 1046; x_wconf 77' lang='grc' dir='ltr'><strong><em>ἀποστόλοις</em></strong></span> <span class='ocrx_word' id='word_1_54' title='bbox 1122 971 1295 1053; x_wconf 77' lang='grc' dir='ltr'><strong><em>ἐμερίζετο.</em></strong></span> <span class='ocrx_word' id='word_1_55' title='bbox 1336 963 1375 1029; x_wconf 82' lang='grc' dir='ltr'>τό</span> 
     </span>
     <span class='ocr_line' id='line_1_8' title="bbox 285 1062 1379 1168; baseline -0.018 -18"><span class='ocrx_word' id='word_1_56' title='bbox 285 1087 323 1152; x_wconf 77' lang='lat' dir='ltr'>di</span> <span class='ocrx_word' id='word_1_57' title='bbox 346 1087 410 1168; x_wconf 77' lang='grc' dir='ltr'>πῦρ</span> <span class='ocrx_word' id='word_1_58' title='bbox 431 1083 531 1146; x_wconf 81' lang='grc' dir='ltr'><strong><em>ἐκεῖνο</em></strong></span> <span class='ocrx_word' id='word_1_59' title='bbox 553 1075 611 1141; x_wconf 71' lang='lat' dir='ltr'>ode</span> <span class='ocrx_word' id='word_1_60' title='bbox 633 1073 710 1141; x_wconf 84' lang='grc' dir='ltr'><strong><em>αόιό</em></strong></span> <span class='ocrx_word' id='word_1_61' title='bbox 731 1065 772 1159; x_wconf 82' lang='grc' dir='ltr'>ἦν</span> <span class='ocrx_word' id='word_1_62' title='bbox 796 1074 831 1138; x_wconf 88' lang='grc' dir='ltr'>τό</span> <span class='ocrx_word' id='word_1_63' title='bbox 853 1075 994 1154; x_wconf 78' lang='grc' dir='ltr'><strong><em>πνεῦμα,</em></strong></span> <span class='ocrx_word' id='word_1_64' title='bbox 1027 1067 1110 1135; x_wconf 76' lang='grc' dir='ltr'><strong><em>ἄλλό</em></strong></span> <span class='ocrx_word' id='word_1_65' title='bbox 1129 1066 1263 1150; x_wconf 84' lang='grc' dir='ltr'><strong><em>όόναμις</em></strong></span> <span class='ocrx_word' id='word_1_66' title='bbox 1278 1062 1379 1130; x_wconf 74' lang='lat' dir='ltr'>need·</span> 
     </span>
     <span class='ocr_line' id='line_1_9' title="bbox 284 1166 1377 1268; baseline -0.018 -19"><span class='ocrx_word' id='word_1_67' title='bbox 284 1207 396 1268; x_wconf 83' lang='grc' dir='ltr'><strong><em>ματος.</em></strong></span> <span class='ocrx_word' id='word_1_68' title='bbox 440 1179 498 1246; x_wconf 75' lang='lat' dir='ltr'>osis</span> <span class='ocrx_word' id='word_1_69' title='bbox 519 1180 553 1243; x_wconf 89' lang='grc' dir='ltr'>ἐν</span> <span class='ocrx_word' id='word_1_70' title='bbox 572 1179 616 1266; x_wconf 77' lang='grc' dir='ltr'>τῷ</span> <span class='ocrx_word' id='word_1_71' title='bbox 635 1173 770 1257; x_wconf 81' lang='grc' dir='ltr'><strong><em>στόματι</em></strong></span> <span class='ocrx_word' id='word_1_72' title='bbox 792 1175 828 1238; x_wconf 80' lang='grc' dir='ltr'>δὲ</span> <span class='ocrx_word' id='word_1_73' title='bbox 847 1173 954 1238; x_wconf 69' lang='lat' dir='ltr'>adroic</span> <span class='ocrx_word' id='word_1_74' title='bbox 973 1171 1157 1258; x_wconf 72' lang='grc' dir='ltr'><strong><em>ἐβλήθησαν</em></strong></span> <span class='ocrx_word' id='word_1_75' title='bbox 1170 1166 1206 1233; x_wconf 77' lang='grc' dir='ltr'>αἱ</span> <span class='ocrx_word' id='word_1_76' title='bbox 1222 1168 1377 1250; x_wconf 75' lang='grc' dir='ltr'><strong><em>χλόσσιιι,</em></strong></span> 
     </span>
     <span class='ocr_line' id='line_1_10' title="bbox 285 1267 1378 1366; baseline -0.017 -17"><span class='ocrx_word' id='word_1_77' title='bbox 285 1285 356 1348; x_wconf 73' lang='grc' dir='ltr'><strong><em>ἄλλ’</em></strong></span> <span class='ocrx_word' id='word_1_78' title='bbox 378 1283 433 1348; x_wconf 76' lang='grc' dir='ltr'>ἐπὶ</span> <span class='ocrx_word' id='word_1_79' title='bbox 458 1279 599 1366; x_wconf 80' lang='grc' dir='ltr'><strong><em>κεφαλῆς</em></strong></span> <span class='ocrx_word' id='word_1_80' title='bbox 626 1275 801 1341; x_wconf 76' lang='grc' dir='ltr'><strong><em>ἐκάθισαν·</em></strong></span> <span class='ocrx_word' id='word_1_81' title='bbox 844 1267 994 1358; x_wconf 71' lang='grc' dir='ltr'><strong><em>ἄρχοντες</em></strong></span> <span class='ocrx_word' id='word_1_82' title='bbox 1015 1269 1077 1356; x_wconf 70' lang='lat' dir='ltr'>yde</span> <span class='ocrx_word' id='word_1_83' title='bbox 1105 1274 1164 1354; x_wconf 82' lang='grc' dir='ltr'>τῆς</span> <span class='ocrx_word' id='word_1_84' title='bbox 1192 1268 1378 1348; x_wconf 70' lang='grc' dir='ltr'><strong><em>οἰκουμένης</em></strong></span> 
     </span>
     <span class='ocr_line' id='line_1_11' title="bbox 285 1361 1427 1468; baseline -0.013 -20"><span class='ocrx_word' id='word_1_85' title='bbox 285 1381 533 1468; x_wconf 80' lang='grc' dir='ltr'><strong><em>ἐχειροτονοῦνιο</em></strong></span> <span class='ocrx_word' id='word_1_86' title='bbox 556 1379 614 1441; x_wconf 82' lang='grc' dir='ltr'><strong><em>καί</em></strong></span> <span class='ocrx_word' id='word_1_87' title='bbox 631 1374 776 1460; x_wconf 68' lang='grc' dir='ltr'><strong><em>κήρυκες.</em></strong></span> <span class='ocrx_word' id='word_1_88' title='bbox 808 1368 868 1458; x_wconf 85' lang='grc' dir='ltr'>όρα</span> <span class='ocrx_word' id='word_1_89' title='bbox 887 1371 949 1458; x_wconf 77' lang='grc' dir='ltr'>γὰρ</span> <span class='ocrx_word' id='word_1_90' title='bbox 971 1369 1022 1437; x_wconf 88' lang='grc' dir='ltr'><strong><em>ότι</em></strong></span> <span class='ocrx_word' id='word_1_91' title='bbox 1043 1374 1099 1436; x_wconf 87' lang='grc' dir='ltr'><strong><em>καί</em></strong></span> <span class='ocrx_word' id='word_1_92' title='bbox 1119 1369 1180 1445; x_wconf 71' lang='grc' dir='ltr'>ἕως</span> <span class='ocrx_word' id='word_1_93' title='bbox 1193 1361 1427 1452; x_wconf 79' lang='grc' dir='ltr'><strong><em>όρτιτοόιοιο</em></strong></span> 
     </span>
     <span class='ocr_line' id='line_1_12' title="bbox 285 1472 1377 1566; baseline -0.018 -20"><span class='ocrx_word' id='word_1_94' title='bbox 285 1489 414 1566; x_wconf 79' lang='grc' dir='ltr'><strong><em>κρατεῖ·</em></strong></span> <span class='ocrx_word' id='word_1_95' title='bbox 454 1479 635 1543; x_wconf 71' lang='grc' dir='ltr'><strong><em>ἐπιτίθεται</em></strong></span> <span class='ocrx_word' id='word_1_96' title='bbox 661 1474 722 1558; x_wconf 73' lang='grc' dir='ltr'>γὰρ</span> <span class='ocrx_word' id='word_1_97' title='bbox 755 1477 795 1560; x_wconf 78' lang='grc' dir='ltr'>τῇ</span> <span class='ocrx_word' id='word_1_98' title='bbox 817 1477 942 1561; x_wconf 76' lang='grc' dir='ltr'><strong><em>κεφαλῇ</em></strong></span> <span class='ocrx_word' id='word_1_99' title='bbox 962 1475 1024 1537; x_wconf 78' lang='grc' dir='ltr'>τοῦ</span> <span class='ocrx_word' id='word_1_100' title='bbox 1041 1472 1209 1552; x_wconf 77' lang='grc' dir='ltr'><strong><em>μέλλοντος</em></strong></span> <span class='ocrx_word' id='word_1_101' title='bbox 1229 1485 1377 1550; x_wconf 77' lang='grc' dir='ltr'><strong><em>χιιροιο·</em></strong></span> 
     </span>
     <span class='ocr_line' id='line_1_13' title="bbox 283 1559 1376 1665; baseline -0.019 -18"><span class='ocrx_word' id='word_1_102' title='bbox 283 1583 420 1665; x_wconf 74' lang='grc' dir='ltr'><strong><em>νηθῆναι</em></strong></span> <span class='ocrx_word' id='word_1_103' title='bbox 443 1577 619 1663; x_wconf 73' lang='grc' dir='ltr'><strong><em>ἀρχιερέως</em></strong></span> <span class='ocrx_word' id='word_1_104' title='bbox 639 1572 674 1640; x_wconf 88' lang='grc' dir='ltr'>τό</span> <span class='ocrx_word' id='word_1_105' title='bbox 696 1574 897 1657; x_wconf 82' lang='grc' dir='ltr'><strong><em>ιόαγγέλιον,</em></strong></span> <span class='ocrx_word' id='word_1_106' title='bbox 924 1570 980 1636; x_wconf 81' lang='grc' dir='ltr'>καλ</span> <span class='ocrx_word' id='word_1_107' title='bbox 1007 1567 1087 1636; x_wconf 84' lang='grc' dir='ltr'><strong><em>όταν</em></strong></span> <span class='ocrx_word' id='word_1_108' title='bbox 1115 1567 1268 1654; x_wconf 74' lang='grc' dir='ltr'><strong><em>ἐπιτιθῇ,</em></strong></span> <span class='ocrx_word' id='word_1_109' title='bbox 1297 1559 1376 1628; x_wconf 68' lang='lat' dir='ltr'>site</span> 
     </span>
     <span class='ocr_line' id='line_1_14' title="bbox 284 1666 1377 1759; baseline -0.014 -15"><span class='ocrx_word' id='word_1_110' title='bbox 284 1673 361 1744; x_wconf 77' lang='grc' dir='ltr'><strong><em>ἄλλο</em></strong></span> <span class='ocrx_word' id='word_1_111' title='bbox 380 1675 467 1744; x_wconf 83' lang='grc' dir='ltr'><strong><em>ἔστιν</em></strong></span> <span class='ocrx_word' id='word_1_112' title='bbox 489 1679 568 1742; x_wconf 78' lang='grc' dir='ltr'>ἰδεῖν</span> <span class='ocrx_word' id='word_1_113' title='bbox 587 1667 610 1759; x_wconf 79' lang='grc' dir='ltr'><em>ἢ</em></span> <span class='ocrx_word' id='word_1_114' title='bbox 628 1675 776 1759; x_wconf 76' lang='grc' dir='ltr'><strong><em>γλοόοσοιν</em></strong></span> <span class='ocrx_word' id='word_1_115' title='bbox 796 1673 1076 1759; x_wconf 73' lang='grc' dir='ltr'><strong><em>προσιπικτιμένην</em></strong></span> <span class='ocrx_word' id='word_1_116' title='bbox 1100 1670 1142 1756; x_wconf 79' lang='grc' dir='ltr'>τῇ</span> <span class='ocrx_word' id='word_1_117' title='bbox 1159 1669 1299 1753; x_wconf 76' lang='grc' dir='ltr'><strong><em>κεφαλῇ.</em></strong></span> <span class='ocrx_word' id='word_1_118' title='bbox 1340 1666 1377 1730; x_wconf 83' lang='grc' dir='ltr'>ἐν</span> 
     </span>
     <span class='ocr_line' id='line_1_15' title="bbox 284 1763 1376 1862; baseline -0.009 -20"><span class='ocrx_word' id='word_1_119' title='bbox 284 1777 363 1844; x_wconf 72' lang='lat' dir='ltr'>eides</span> <span class='ocrx_word' id='word_1_120' title='bbox 388 1779 424 1843; x_wconf 84' lang='grc' dir='ltr'>όὲ</span> <span class='ocrx_word' id='word_1_121' title='bbox 453 1776 556 1862; x_wconf 84' lang='grc' dir='ltr'><strong><em>πυρός</em></strong></span> <span class='ocrx_word' id='word_1_122' title='bbox 577 1773 631 1840; x_wconf 80' lang='grc' dir='ltr'><strong><em>διό</em></strong></span> <span class='ocrx_word' id='word_1_123' title='bbox 655 1771 710 1840; x_wconf 85' lang='grc' dir='ltr'>τόν</span> <span class='ocrx_word' id='word_1_124' title='bbox 731 1771 863 1840; x_wconf 81' lang='grc' dir='ltr'><strong><em>εἴπαντα</em></strong></span> <span class='ocrx_word' id='word_1_125' title='bbox 882 1775 968 1856; x_wconf 61' lang='lat' dir='ltr'>,rasio</span> <span class='ocrx_word' id='word_1_126' title='bbox 991 1763 1093 1855; x_wconf 78' lang='grc' dir='ltr'><strong><em>ἦλθον</em></strong></span> <span class='ocrx_word' id='word_1_127' title='bbox 1112 1771 1158 1846; x_wconf 81' lang='grc' dir='ltr'>εἰς</span> <span class='ocrx_word' id='word_1_128' title='bbox 1178 1764 1236 1833; x_wconf 92' lang='grc' dir='ltr'>τόν</span> <span class='ocrx_word' id='word_1_129' title='bbox 1255 1767 1376 1850; x_wconf 81' lang='grc' dir='ltr'><strong><em>κόσμον</em></strong></span> 
     </span>
     <span class='ocr_line' id='line_1_16' title="bbox 283 1862 1425 1962; baseline -0.011 -19"><span class='ocrx_word' id='word_1_130' title='bbox 283 1880 410 1961; x_wconf 77' lang='grc' dir='ltr'><strong><em>βαλεῖν”</em></strong></span> <span class='ocrx_word' id='word_1_131' title='bbox 430 1879 528 1962; x_wconf 79' lang='grc' dir='ltr'><strong><em>χάριν</em></strong></span> <span class='ocrx_word' id='word_1_132' title='bbox 547 1878 611 1943; x_wconf 70' lang='grc' dir='ltr'><strong><em>τοῖν</em></strong></span> <span class='ocrx_word' id='word_1_133' title='bbox 631 1869 874 1958; x_wconf 81' lang='grc' dir='ltr'><strong><em>όλομανοόντοιν</em></strong></span> <span class='ocrx_word' id='word_1_134' title='bbox 892 1873 1019 1937; x_wconf 75' lang='grc' dir='ltr'><strong><em>παθοῖν.</em></strong></span> <span class='ocrx_word' id='word_1_135' title='bbox 1387 1862 1425 1927; x_wconf 79' lang='grc'>15</span> 
     </span>
     <span class='ocr_line' id='line_1_17' title="bbox 183 1959 1374 2068; baseline -0.006 -30"><span class='ocrx_word' id='word_1_136' title='bbox 183 1983 213 2039; x_wconf 84' lang='grc' dir='ltr'>Ρ.</span> <span class='ocrx_word' id='word_1_137' title='bbox 224 1985 277 2040; x_wconf 71' lang='lat' dir='ltr'>aad</span> <span class='ocrx_word' id='word_1_138' title='bbox 367 1979 439 2044; x_wconf 83' lang='grc' dir='ltr'>Καὶ</span> <span class='ocrx_word' id='word_1_139' title='bbox 459 1974 609 2042; x_wconf 72' lang='grc' dir='ltr'><strong><em>ἐκάθισεν</em></strong></span> <span class='ocrx_word' id='word_1_140' title='bbox 628 1977 683 2062; x_wconf 86' lang='grc' dir='ltr'>ἐφ’</span> <span class='ocrx_word' id='word_1_141' title='bbox 709 1978 765 2040; x_wconf 80' lang='grc' dir='ltr'>ἓνα</span> <span class='ocrx_word' id='word_1_142' title='bbox 784 1975 917 2068; x_wconf 63' lang='grc' dir='ltr'>ιἐιιασιον</span> <span class='ocrx_word' id='word_1_143' title='bbox 936 1972 1057 2035; x_wconf 64' lang='lat' dir='ltr'>adesim</span> <span class='ocrx_word' id='word_1_144' title='bbox 1096 1967 1160 2044; x_wconf 81' lang='grc' dir='ltr'>πός</span> <span class='ocrx_word' id='word_1_145' title='bbox 1180 1959 1239 2031; x_wconf 80' lang='grc' dir='ltr'>σόν</span> <span class='ocrx_word' id='word_1_146' title='bbox 1259 1964 1278 2029; x_wconf 86' lang='grc' dir='ltr'><strong><em>ό</em></strong></span> <span class='ocrx_word' id='word_1_147' title='bbox 1300 1969 1374 2031; x_wconf 78' lang='grc' dir='ltr'><strong><em>δια·</em></strong></span> 
     </span>
     <span class='ocr_line' id='line_1_18' title="bbox 282 2065 1376 2167; baseline -0.007 -27"><span class='ocrx_word' id='word_1_148' title='bbox 282 2079 384 2141; x_wconf 80' lang='grc' dir='ltr'><strong><em>κινῶν</em></strong></span> <span class='ocrx_word' id='word_1_149' title='bbox 404 2079 449 2166; x_wconf 75' lang='grc' dir='ltr'>τῷ</span> <span class='ocrx_word' id='word_1_150' title='bbox 468 2071 749 2167; x_wconf 69' lang='grc' dir='ltr'><strong><em>θεῷθρόνοςέσιό</em></strong></span> <span class='ocrx_word' id='word_1_151' title='bbox 763 2075 822 2138; x_wconf 79' lang='grc' dir='ltr'>τοῦ</span> <span class='ocrx_word' id='word_1_152' title='bbox 838 2073 935 2137; x_wconf 74' lang='grc' dir='ltr'><strong><em>θεοῦ·</em></strong></span> <span class='ocrx_word' id='word_1_153' title='bbox 956 2069 1010 2135; x_wconf 75' lang='lat' dir='ltr'>ded</span> <span class='ocrx_word' id='word_1_154' title='bbox 1031 2069 1093 2156; x_wconf 75' lang='grc' dir='ltr'>γὰρ</span> <span class='ocrx_word' id='word_1_155' title='bbox 1114 2069 1208 2135; x_wconf 73' lang='grc' dir='ltr'><strong><em>τοῦτο</em></strong></span> <span class='ocrx_word' id='word_1_156' title='bbox 1227 2067 1287 2132; x_wconf 90' lang='grc' dir='ltr'><strong><em>καί</em></strong></span> <span class='ocrx_word' id='word_1_157' title='bbox 1302 2065 1376 2132; x_wconf 82' lang='grc' dir='ltr'><strong><em>ἐκό-</em></strong></span> 
     </span>
     <span class='ocr_line' id='line_1_19' title="bbox 283 2172 475 2244; baseline 0.005 -2"><span class='ocrx_word' id='word_1_158' title='bbox 283 2181 375 2243; x_wconf 82' lang='grc' dir='ltr'><strong><em>θισιν</em></strong></span> <span class='ocrx_word' id='word_1_159' title='bbox 397 2172 475 2244; x_wconf 80' lang='grc' dir='ltr'><strong><em>εἶπε.</em></strong></span> 
     </span>
    </p>

    <p class='ocr_par' dir='ltr' id='par_1_4' title="bbox 368 2258 1374 2360">
     <span class='ocr_line' id='line_1_20' title="bbox 368 2258 1374 2360; baseline -0.013 -18"><span class='ocrx_word' id='word_1_160' title='bbox 368 2279 442 2343; x_wconf 73' lang='grc' dir='ltr'>Καὶ</span> <span class='ocrx_word' id='word_1_161' title='bbox 463 2273 669 2360; x_wconf 75' lang='grc' dir='ltr'><strong><em>ἐπλήσθησαν</em></strong></span> <span class='ocrx_word' id='word_1_162' title='bbox 682 2266 819 2347; x_wconf 76' lang='grc' dir='ltr'><strong><em>ἅπαντος</em></strong></span> <span class='ocrx_word' id='word_1_163' title='bbox 837 2267 1018 2352; x_wconf 83' lang='grc' dir='ltr'><strong><em>πνιόματος</em></strong></span> <span class='ocrx_word' id='word_1_164' title='bbox 1038 2268 1141 2353; x_wconf 79' lang='grc' dir='ltr'><strong><em>όγέοο,</em></strong></span> <span class='ocrx_word' id='word_1_165' title='bbox 1163 2268 1220 2332; x_wconf 78' lang='grc' dir='ltr'><strong><em>καί</em></strong></span> <span class='ocrx_word' id='word_1_166' title='bbox 1237 2258 1374 2354; x_wconf 77' lang='grc' dir='ltr'><strong><em>ἤρξαντο</em></strong></span> 
     </span>
    </p>

    <p class='ocr_par' dir='ltr' id='par_1_5' title="bbox 181 2368 1424 2461">
     <span class='ocr_line' id='line_1_21' title="bbox 181 2368 1424 2461; baseline -0.017 -16"><span class='ocrx_word' id='word_1_167' title='bbox 181 2375 274 2450; x_wconf 56' lang='lat' dir='ltr'>v⁴75</span> <span class='ocrx_word' id='word_1_168' title='bbox 283 2383 389 2444; x_wconf 76' lang='grc' dir='ltr'><strong><em>λαλεῖν</em></strong></span> <span class='ocrx_word' id='word_1_169' title='bbox 417 2371 543 2461; x_wconf 70' lang='grc' dir='ltr'><strong><em>ἑτέραις</em></strong></span> <span class='ocrx_word' id='word_1_170' title='bbox 568 2372 741 2460; x_wconf 75' lang='grc' dir='ltr'><strong><em>γλώσσαις,</em></strong></span> <span class='ocrx_word' id='word_1_171' title='bbox 776 2368 884 2447; x_wconf 79' lang='grc' dir='ltr'><strong><em>καθοός</em></strong></span> <span class='ocrx_word' id='word_1_172' title='bbox 912 2369 948 2434; x_wconf 88' lang='grc' dir='ltr'>τό</span> <span class='ocrx_word' id='word_1_173' title='bbox 976 2371 1101 2452; x_wconf 80' lang='grc' dir='ltr'><strong><em>πνιόμα</em></strong></span> <span class='ocrx_word' id='word_1_174' title='bbox 1128 2370 1236 2434; x_wconf 78' lang='grc' dir='ltr'><strong><em>ἐόόόοο</em></strong></span> <span class='ocrx_word' id='word_1_175' title='bbox 1266 2369 1424 2441; x_wconf 69' lang='grc' dir='ltr'><strong><em>αότοῖςιο</em></strong></span> 
     </span>
    </p>
   </div>
   <div class='ocr_carea' id='block_1_3' title="bbox 283 2463 1375 2572">
    <p class='ocr_par' dir='ltr' id='par_1_6' title="bbox 283 2463 1375 2572">
     <span class='ocr_line' id='line_1_22' title="bbox 283 2463 1375 2572; baseline -0.012 -28"><span class='ocrx_word' id='word_1_176' title='bbox 283 2473 556 2565; x_wconf 70' lang='grc' dir='ltr'><strong><em>(ἐπιφθέγγεσθαι.</em></strong></span> <span class='ocrx_word' id='word_1_177' title='bbox 597 2475 649 2561; x_wconf 85' lang='grc' dir='ltr'>ἐφ’</span> <span class='ocrx_word' id='word_1_178' title='bbox 675 2463 704 2562; x_wconf 67' lang='lat' dir='ltr'>qi</span> <span class='ocrx_word' id='word_1_179' title='bbox 730 2475 787 2538; x_wconf 90' lang='grc' dir='ltr'><strong><em>καί</em></strong></span> <span class='ocrx_word' id='word_1_180' title='bbox 813 2469 845 2537; x_wconf 80' lang='grc' dir='ltr'>ολ</span> <span class='ocrx_word' id='word_1_181' title='bbox 870 2472 1070 2557; x_wconf 72' lang='grc' dir='ltr'><strong><em>παρεστῶτες</em></strong></span> <span class='ocrx_word' id='word_1_182' title='bbox 1096 2465 1203 2572; x_wconf 55' lang='grc' dir='ltr'><strong><em>ἐλρχον</em></strong></span> <span class='ocrx_word' id='word_1_183' title='bbox 1222 2466 1281 2531; x_wconf 77' lang='lat' dir='ltr'>osis</span> <span class='ocrx_word' id='word_1_184' title='bbox 1301 2463 1375 2531; x_wconf 76' lang='grc' dir='ltr'><strong><em>ι’όοό</em></strong></span> 
     </span>
    </p>
   </div>
   <div class='ocr_carea' id='block_1_4' title="bbox 173 2787 1377 4282">
    <p class='ocr_par' dir='ltr' id='par_1_7' title="bbox 173 2787 1377 4282">
     <span class='ocr_line' id='line_1_23' title="bbox 351 2787 1375 2864; baseline -0.008 -18"><span class='ocrx_word' id='word_1_185' title='bbox 351 2793 521 2863; x_wconf 76' lang='lat' dir='ltr'>eonspectae</span> <span class='ocrx_word' id='word_1_186' title='bbox 547 2800 611 2846; x_wconf 87' lang='lat' dir='ltr'>sunt</span> <span class='ocrx_word' id='word_1_187' title='bbox 628 2801 718 2846; x_wconf 87' lang='lat' dir='ltr'>autem</span> <span class='ocrx_word' id='word_1_188' title='bbox 736 2795 764 2846; x_wconf 88' lang='lat' dir='ltr'>in</span> <span class='ocrx_word' id='word_1_189' title='bbox 782 2793 913 2864; x_wconf 84' lang='lat' dir='ltr'>apostolis</span> <span class='ocrx_word' id='word_1_190' title='bbox 930 2792 1039 2860; x_wconf 75' lang='lat' dir='ltr'>linguas</span> <span class='ocrx_word' id='word_1_191' title='bbox 1058 2789 1136 2842; x_wconf 78' lang='lat' dir='ltr'>reiut</span> <span class='ocrx_word' id='word_1_192' title='bbox 1153 2790 1249 2860; x_wconf 76' lang='lat' dir='ltr'>igneae</span> <span class='ocrx_word' id='word_1_193' title='bbox 1267 2787 1375 2858; x_wconf 84' lang='lat' dir='ltr'>disper.</span> 
     </span>
     <span class='ocr_line' id='line_1_24' title="bbox 284 2859 1375 2934; baseline -0.005 -16"><span class='ocrx_word' id='word_1_194' title='bbox 284 2861 353 2918; x_wconf 83' lang='lat' dir='ltr'>titas</span> <span class='ocrx_word' id='word_1_195' title='bbox 371 2865 440 2934; x_wconf 78' lang='lat' dir='ltr'>(Act.</span> <span class='ocrx_word' id='word_1_196' title='bbox 455 2881 472 2918; x_wconf 80' lang='lat' dir='ltr'>n</span> <span class='ocrx_word' id='word_1_197' title='bbox 488 2865 524 2934; x_wconf 80' lang='lat'>3).</span> <span class='ocrx_word' id='word_1_198' title='bbox 542 2879 589 2916; x_wconf 85' lang='lat' dir='ltr'>cur</span> <span class='ocrx_word' id='word_1_199' title='bbox 606 2861 718 2917; x_wconf 89' lang='lat' dir='ltr'>obsecro</span> <span class='ocrx_word' id='word_1_200' title='bbox 737 2864 846 2933; x_wconf 68' lang='lat' dir='ltr'>linguae</span> <span class='ocrx_word' id='word_1_201' title='bbox 861 2873 1021 2934; x_wconf 85' lang='lat' dir='ltr'>conspectae</span> <span class='ocrx_word' id='word_1_202' title='bbox 1040 2862 1124 2915; x_wconf 84' lang='lat' dir='ltr'>suut?</span> <span class='ocrx_word' id='word_1_203' title='bbox 1150 2863 1215 2931; x_wconf 85' lang='lat' dir='ltr'>quia</span> <span class='ocrx_word' id='word_1_204' title='bbox 1231 2859 1375 2930; x_wconf 84' lang='lat' dir='ltr'>praedita-</span> 
     </span>
     <span class='ocr_line' id='line_1_25' title="bbox 284 2931 1375 3006; baseline -0.002 -19"><span class='ocrx_word' id='word_1_205' title='bbox 284 2937 361 2987; x_wconf 88' lang='lat' dir='ltr'>tione</span> <span class='ocrx_word' id='word_1_206' title='bbox 379 2949 447 3004; x_wconf 88' lang='lat' dir='ltr'>opus</span> <span class='ocrx_word' id='word_1_207' title='bbox 462 2943 528 2998; x_wconf 82' lang='lat' dir='ltr'>erut,</span> <span class='ocrx_word' id='word_1_208' title='bbox 549 2943 577 2986; x_wconf 88' lang='lat' dir='ltr'>et</span> <span class='ocrx_word' id='word_1_209' title='bbox 597 2944 627 2988; x_wconf 89' lang='lat' dir='ltr'>ut</span> <span class='ocrx_word' id='word_1_210' title='bbox 649 2935 708 3006; x_wconf 87' lang='lat' dir='ltr'>ipsa</span> <span class='ocrx_word' id='word_1_211' title='bbox 729 2937 812 3004; x_wconf 79' lang='lat' dir='ltr'>figura</span> <span class='ocrx_word' id='word_1_212' title='bbox 831 2935 982 2986; x_wconf 78' lang='lat' dir='ltr'><strong>declararet</strong></span> <span class='ocrx_word' id='word_1_213' title='bbox 1001 2933 1179 2995; x_wconf 77' lang='lat' dir='ltr'>effectionem,</span> <span class='ocrx_word' id='word_1_214' title='bbox 1196 2931 1375 3004; x_wconf 85' lang='lat' dir='ltr'>quemadmo-</span> 
     </span>
     <span class='ocr_line' id='line_1_26' title="bbox 286 3003 1376 3078; baseline 0 -22"><span class='ocrx_word' id='word_1_215' title='bbox 286 3005 351 3058; x_wconf 85' lang='lat' dir='ltr'>dum</span> <span class='ocrx_word' id='word_1_216' title='bbox 375 3021 470 3058; x_wconf 80' lang='lat' dir='ltr'>oureus</span> <span class='ocrx_word' id='word_1_217' title='bbox 493 3005 542 3057; x_wconf 88' lang='lat' dir='ltr'>ilie</span> <span class='ocrx_word' id='word_1_218' title='bbox 565 3015 660 3058; x_wconf 91' lang='lat' dir='ltr'>noster</span> <span class='ocrx_word' id='word_1_219' title='bbox 686 3015 778 3059; x_wconf 86' lang='lat' dir='ltr'>orator</span> <span class='ocrx_word' id='word_1_220' title='bbox 800 3007 897 3076; x_wconf 87' lang='lat' dir='ltr'>inquit.</span> <span class='ocrx_word' id='word_1_221' title='bbox 926 3007 1029 3078; x_wconf 78' lang='lat' dir='ltr'><strong>quippe</strong></span> <span class='ocrx_word' id='word_1_222' title='bbox 1045 3003 1193 3073; x_wconf 73' lang='lat' dir='ltr'>piscatores</span> <span class='ocrx_word' id='word_1_223' title='bbox 1210 3011 1287 3056; x_wconf 80' lang='lat' dir='ltr'>erant</span> <span class='ocrx_word' id='word_1_224' title='bbox 1307 3020 1376 3073; x_wconf 81' lang='lat' dir='ltr'>spo-</span> 
     </span>
     <span class='ocr_line' id='line_1_27' title="bbox 285 3074 1376 3146; baseline -0.002 -17"><span class='ocrx_word' id='word_1_225' title='bbox 285 3075 369 3139; x_wconf 85' lang='lat' dir='ltr'>stoli,</span> <span class='ocrx_word' id='word_1_226' title='bbox 398 3083 427 3128; x_wconf 85' lang='lat' dir='ltr'>et</span> <span class='ocrx_word' id='word_1_227' title='bbox 450 3075 478 3128; x_wconf 79' lang='lat' dir='ltr'>ui</span> <span class='ocrx_word' id='word_1_228' title='bbox 504 3076 636 3129; x_wconf 86' lang='lat' dir='ltr'>orationis</span> <span class='ocrx_word' id='word_1_229' title='bbox 662 3077 698 3130; x_wconf 80' lang='lat' dir='ltr'>ed</span> <span class='ocrx_word' id='word_1_230' title='bbox 720 3075 934 3146; x_wconf 83' lang='lat' dir='ltr'>praedicandum</span> <span class='ocrx_word' id='word_1_231' title='bbox 958 3075 1075 3143; x_wconf 77' lang='lat' dir='ltr'>egebant</span> <span class='ocrx_word' id='word_1_232' title='bbox 1109 3074 1264 3144; x_wconf 75' lang='lat' dir='ltr'>dispertitos</span> <span class='ocrx_word' id='word_1_233' title='bbox 1282 3084 1376 3127; x_wconf 84' lang='lat' dir='ltr'>autern</span> 
     </span>
     <span class='ocr_line' id='line_1_28' title="bbox 285 3145 1377 3218; baseline -0.002 -18"><span class='ocrx_word' id='word_1_234' title='bbox 285 3147 369 3200; x_wconf 80' lang='lat' dir='ltr'>fuisso</span> <span class='ocrx_word' id='word_1_235' title='bbox 398 3145 483 3210; x_wconf 83' lang='lat' dir='ltr'>dicit,</span> <span class='ocrx_word' id='word_1_236' title='bbox 509 3146 583 3218; x_wconf 90' lang='lat' dir='ltr'>quod</span> <span class='ocrx_word' id='word_1_237' title='bbox 609 3147 678 3216; x_wconf 80' lang='lat' dir='ltr'>ignis</span> <span class='ocrx_word' id='word_1_238' title='bbox 705 3148 849 3199; x_wconf 76' lang='lat' dir='ltr'>uniformis</span> <span class='ocrx_word' id='word_1_239' title='bbox 873 3147 960 3198; x_wconf 77' lang='lat' dir='ltr'>dividi</span> <span class='ocrx_word' id='word_1_240' title='bbox 976 3146 1115 3198; x_wconf 79' lang='lat' dir='ltr'>videretur</span> <span class='ocrx_word' id='word_1_241' title='bbox 1137 3161 1169 3196; x_wconf 83' lang='lat' dir='ltr'>ac</span> <span class='ocrx_word' id='word_1_242' title='bbox 1187 3147 1216 3197; x_wconf 88' lang='lat' dir='ltr'>in</span> <span class='ocrx_word' id='word_1_243' title='bbox 1234 3147 1377 3215; x_wconf 78' lang='lat' dir='ltr'>apostolos</span> 
     </span>
     <span class='ocr_line' id='line_1_29' title="bbox 287 3215 1376 3288; baseline -0.001 -20"><span class='ocrx_word' id='word_1_244' title='bbox 287 3215 421 3269; x_wconf 71' lang='lat' dir='ltr'>distribui.</span> <span class='ocrx_word' id='word_1_245' title='bbox 458 3226 486 3270; x_wconf 87' lang='lat' dir='ltr'>ct</span> <span class='ocrx_word' id='word_1_246' title='bbox 503 3218 573 3287; x_wconf 82' lang='lat' dir='ltr'>ignis</span> <span class='ocrx_word' id='word_1_247' title='bbox 593 3219 641 3270; x_wconf 84' lang='lat' dir='ltr'>ille</span> <span class='ocrx_word' id='word_1_248' title='bbox 662 3235 719 3271; x_wconf 87' lang='lat' dir='ltr'>non</span> <span class='ocrx_word' id='word_1_249' title='bbox 739 3220 798 3288; x_wconf 84' lang='lat' dir='ltr'>ipse</span> <span class='ocrx_word' id='word_1_250' title='bbox 817 3219 927 3288; x_wconf 86' lang='lat' dir='ltr'>spiritus</span> <span class='ocrx_word' id='word_1_251' title='bbox 945 3226 1011 3280; x_wconf 85' lang='lat' dir='ltr'>crat,</span> <span class='ocrx_word' id='word_1_252' title='bbox 1030 3215 1079 3267; x_wconf 88' lang='lat' dir='ltr'>sed</span> <span class='ocrx_word' id='word_1_253' title='bbox 1098 3217 1139 3268; x_wconf 82' lang='lat' dir='ltr'>vis</span> <span class='ocrx_word' id='word_1_254' title='bbox 1161 3215 1297 3287; x_wconf 81' lang='lat' dir='ltr'><strong>quaedam</strong></span> <span class='ocrx_word' id='word_1_255' title='bbox 1318 3219 1376 3288; x_wconf 87' lang='lat' dir='ltr'>spi-</span> 
     </span>
     <span class='ocr_line' id='line_1_30' title="bbox 285 3286 1376 3358; baseline -0.005 -18"><span class='ocrx_word' id='word_1_256' title='bbox 285 3289 362 3340; x_wconf 81' lang='lat' dir='ltr'>ritus.</span> <span class='ocrx_word' id='word_1_257' title='bbox 380 3295 462 3358; x_wconf 82' lang='lat' dir='ltr'>atque</span> <span class='ocrx_word' id='word_1_258' title='bbox 480 3287 533 3340; x_wconf 84' lang='lat' dir='ltr'>has</span> <span class='ocrx_word' id='word_1_259' title='bbox 550 3289 658 3358; x_wconf 78' lang='lat' dir='ltr'>linguae</span> <span class='ocrx_word' id='word_1_260' title='bbox 675 3306 731 3340; x_wconf 89' lang='lat' dir='ltr'>non</span> <span class='ocrx_word' id='word_1_261' title='bbox 747 3291 779 3344; x_wconf 85' lang='lat' dir='ltr'>in</span> <span class='ocrx_word' id='word_1_262' title='bbox 796 3305 888 3341; x_wconf 87' lang='lat' dir='ltr'>eorum</span> <span class='ocrx_word' id='word_1_263' title='bbox 909 3306 954 3340; x_wconf 83' lang='lat' dir='ltr'>ora</span> <span class='ocrx_word' id='word_1_264' title='bbox 970 3289 1080 3339; x_wconf 83' lang='lat' dir='ltr'>suerunt</span> <span class='ocrx_word' id='word_1_265' title='bbox 1096 3287 1241 3351; x_wconf 73' lang='lat' dir='ltr'>immissae,</span> <span class='ocrx_word' id='word_1_266' title='bbox 1259 3286 1308 3338; x_wconf 84' lang='lat' dir='ltr'>scd</span> <span class='ocrx_word' id='word_1_267' title='bbox 1328 3305 1376 3338; x_wconf 85' lang='lat' dir='ltr'>ca.</span> 
     </span>
     <span class='ocr_line' id='line_1_31' title="bbox 285 3357 1377 3429; baseline 0 -20"><span class='ocrx_word' id='word_1_268' title='bbox 285 3359 390 3429; x_wconf 84' lang='lat' dir='ltr'>pitibus</span> <span class='ocrx_word' id='word_1_269' title='bbox 416 3359 579 3412; x_wconf 75' lang='lat' dir='ltr'>insidebant.</span> <span class='ocrx_word' id='word_1_270' title='bbox 604 3377 666 3412; x_wconf 88' lang='lat' dir='ltr'>nam</span> <span class='ocrx_word' id='word_1_271' title='bbox 692 3357 745 3412; x_wconf 87' lang='lat' dir='ltr'>hoc</span> <span class='ocrx_word' id='word_1_272' title='bbox 770 3359 851 3412; x_wconf 89' lang='lat' dir='ltr'>modo</span> <span class='ocrx_word' id='word_1_273' title='bbox 870 3357 986 3429; x_wconf 83' lang='lat' dir='ltr'>apostoli</span> <span class='ocrx_word' id='word_1_274' title='bbox 1007 3357 1242 3420; x_wconf 84' lang='lat' dir='ltr'>confirmabantur,</span> <span class='ocrx_word' id='word_1_275' title='bbox 1261 3367 1290 3409; x_wconf 87' lang='lat' dir='ltr'>et</span> <span class='ocrx_word' id='word_1_276' title='bbox 1308 3375 1377 3410; x_wconf 82' lang='lat' dir='ltr'>con·</span> 
     </span>
     <span class='ocr_line' id='line_1_32' title="bbox 173 3429 1375 3502; baseline 0.001 -22"><span class='ocrx_word' id='word_1_277' title='bbox 173 3445 178 3458; x_wconf 92' lang='lat'><strong>·</strong></span> <span class='ocrx_word' id='word_1_278' title='bbox 286 3429 470 3494; x_wconf 83' lang='lat' dir='ltr'>stituebantur</span> <span class='ocrx_word' id='word_1_279' title='bbox 490 3432 568 3500; x_wconf 84' lang='lat' dir='ltr'>quasi</span> <span class='ocrx_word' id='word_1_280' title='bbox 589 3431 699 3502; x_wconf 81' lang='lat' dir='ltr'>quidam</span> <span class='ocrx_word' id='word_1_281' title='bbox 718 3431 813 3482; x_wconf 88' lang='lat' dir='ltr'>mundi</span> <span class='ocrx_word' id='word_1_282' title='bbox 830 3431 967 3499; x_wconf 89' lang='lat' dir='ltr'>principes</span> <span class='ocrx_word' id='word_1_283' title='bbox 986 3438 1014 3481; x_wconf 86' lang='lat' dir='ltr'>et</span> <span class='ocrx_word' id='word_1_284' title='bbox 1030 3446 1184 3502; x_wconf 77' lang='lat' dir='ltr'>praecones.</span> <span class='ocrx_word' id='word_1_285' title='bbox 1216 3445 1278 3479; x_wconf 86' lang='lat' dir='ltr'>nom</span> <span class='ocrx_word' id='word_1_286' title='bbox 1298 3429 1375 3482; x_wconf 82' lang='lat' dir='ltr'>vides</span> 
     </span>
     <span class='ocr_line' id='line_1_33' title="bbox 287 3497 1377 3570; baseline 0.002 -20"><span class='ocrx_word' id='word_1_287' title='bbox 287 3497 425 3570; x_wconf 80' lang='lat' dir='ltr'>hodieque</span> <span class='ocrx_word' id='word_1_288' title='bbox 445 3517 547 3552; x_wconf 87' lang='lat' dir='ltr'>morem</span> <span class='ocrx_word' id='word_1_289' title='bbox 563 3501 641 3554; x_wconf 85' lang='lat' dir='ltr'>iilum</span> <span class='ocrx_word' id='word_1_290' title='bbox 659 3499 791 3565; x_wconf 87' lang='lat' dir='ltr'>obtinere,</span> <span class='ocrx_word' id='word_1_291' title='bbox 812 3511 845 3553; x_wconf 87' lang='lat' dir='ltr'>nt</span> <span class='ocrx_word' id='word_1_292' title='bbox 855 3501 991 3570; x_wconf 83' lang='lat' dir='ltr'>pontificis</span> <span class='ocrx_word' id='word_1_293' title='bbox 1003 3497 1181 3552; x_wconf 76' lang='lat' dir='ltr'>confirmandi</span> <span class='ocrx_word' id='word_1_294' title='bbox 1198 3501 1281 3568; x_wconf 77' lang='lat' dir='ltr'>cupiti</span> <span class='ocrx_word' id='word_1_295' title='bbox 1292 3517 1377 3552; x_wconf 84' lang='lat' dir='ltr'>evan-</span> 
     </span>
     <span class='ocr_line' id='line_1_34' title="bbox 287 3570 1376 3642; baseline 0.001 -20"><span class='ocrx_word' id='word_1_296' title='bbox 287 3571 388 3640; x_wconf 75' lang='lat' dir='ltr'>gelium</span> <span class='ocrx_word' id='word_1_297' title='bbox 403 3571 570 3640; x_wconf 84' lang='lat' dir='ltr'>imponatur;</span> <span class='ocrx_word' id='word_1_298' title='bbox 590 3571 664 3642; x_wconf 90' lang='lat' dir='ltr'>quod</span> <span class='ocrx_word' id='word_1_299' title='bbox 683 3571 732 3623; x_wconf 90' lang='lat' dir='ltr'>ubi</span> <span class='ocrx_word' id='word_1_300' title='bbox 752 3573 836 3624; x_wconf 80' lang='lat' dir='ltr'>fuerit</span> <span class='ocrx_word' id='word_1_301' title='bbox 851 3572 1016 3641; x_wconf 86' lang='lat' dir='ltr'>impositum,</span> <span class='ocrx_word' id='word_1_302' title='bbox 1034 3571 1105 3622; x_wconf 89' lang='lat' dir='ltr'>nihii</span> <span class='ocrx_word' id='word_1_303' title='bbox 1124 3580 1167 3623; x_wconf 87' lang='lat' dir='ltr'>est</span> <span class='ocrx_word' id='word_1_304' title='bbox 1187 3570 1280 3623; x_wconf 79' lang='lat' dir='ltr'>videre</span> <span class='ocrx_word' id='word_1_305' title='bbox 1297 3571 1376 3623; x_wconf 86' lang='lat' dir='ltr'>aliud</span> 
     </span>
     <span class='ocr_line' id='line_1_35' title="bbox 286 3641 1376 3711; baseline 0.002 -20"><span class='ocrx_word' id='word_1_306' title='bbox 286 3657 369 3711; x_wconf 83' lang='lat' dir='ltr'>quana</span> <span class='ocrx_word' id='word_1_307' title='bbox 390 3641 472 3709; x_wconf 83' lang='lat' dir='ltr'>capiti</span> <span class='ocrx_word' id='word_1_308' title='bbox 489 3641 608 3710; x_wconf 75' lang='lat' dir='ltr'>linguam</span> <span class='ocrx_word' id='word_1_309' title='bbox 628 3643 711 3696; x_wconf 86' lang='lat' dir='ltr'>talem</span> <span class='ocrx_word' id='word_1_310' title='bbox 729 3641 936 3694; x_wconf 78' lang='lat' dir='ltr'>incumbentem.</span> <span class='ocrx_word' id='word_1_311' title='bbox 960 3643 990 3694; x_wconf 91' lang='lat' dir='ltr'>in</span> <span class='ocrx_word' id='word_1_312' title='bbox 1007 3643 1078 3710; x_wconf 84' lang='lat' dir='ltr'>ignis</span> <span class='ocrx_word' id='word_1_313' title='bbox 1095 3652 1185 3694; x_wconf 88' lang='lat' dir='ltr'>autem</span> <span class='ocrx_word' id='word_1_314' title='bbox 1203 3642 1289 3692; x_wconf 80' lang='lat' dir='ltr'>forma</span> <span class='ocrx_word' id='word_1_315' title='bbox 1306 3659 1376 3693; x_wconf 91' lang='lat' dir='ltr'>con-</span> 
     </span>
     <span class='ocr_line' id='line_1_36' title="bbox 288 3711 1376 3786; baseline 0 -22"><span class='ocrx_word' id='word_1_316' title='bbox 288 3721 395 3780; x_wconf 85' lang='lat' dir='ltr'>spectus</span> <span class='ocrx_word' id='word_1_317' title='bbox 414 3719 456 3764; x_wconf 85' lang='lat' dir='ltr'>est</span> <span class='ocrx_word' id='word_1_318' title='bbox 472 3713 580 3782; x_wconf 88' lang='lat' dir='ltr'>spiritus</span> <span class='ocrx_word' id='word_1_319' title='bbox 597 3721 708 3784; x_wconf 87' lang='lat' dir='ltr'>propter</span> <span class='ocrx_word' id='word_1_320' title='bbox 724 3713 804 3766; x_wconf 90' lang='lat' dir='ltr'>iilum</span> <span class='ocrx_word' id='word_1_321' title='bbox 816 3714 864 3786; x_wconf 91' lang='lat' dir='ltr'>qui</span> <span class='ocrx_word' id='word_1_322' title='bbox 876 3711 946 3764; x_wconf 79' lang='lat' dir='ltr'>dixit</span> <span class='ocrx_word' id='word_1_323' title='bbox 963 3713 1070 3781; x_wconf 75' lang='lat' dir='ltr'>„ignem</span> <span class='ocrx_word' id='word_1_324' title='bbox 1083 3715 1113 3765; x_wconf 90' lang='lat' dir='ltr'>in</span> <span class='ocrx_word' id='word_1_325' title='bbox 1123 3712 1252 3764; x_wconf 88' lang='lat' dir='ltr'>mundum</span> <span class='ocrx_word' id='word_1_326' title='bbox 1274 3714 1376 3764; x_wconf 87' lang='lat' dir='ltr'>immis-</span> 
     </span>
     <span class='ocr_line' id='line_1_37' title="bbox 289 3783 1376 3856; baseline 0.003 -22"><span class='ocrx_word' id='word_1_327' title='bbox 289 3800 365 3834; x_wconf 87' lang='lat' dir='ltr'>surus</span> <span class='ocrx_word' id='word_1_328' title='bbox 392 3783 488 3846; x_wconf 54' lang='grc' dir='ltr'>παῖζ’</span> <span class='ocrx_word' id='word_1_329' title='bbox 505 3793 617 3854; x_wconf 86' lang='lat' dir='ltr'>propter</span> <span class='ocrx_word' id='word_1_330' title='bbox 636 3787 818 3838; x_wconf 68' lang='lat' dir='ltr'>excrescentis</span> <span class='ocrx_word' id='word_1_331' title='bbox 843 3783 948 3836; x_wconf 83' lang='lat' dir='ltr'>scilicet</span> <span class='ocrx_word' id='word_1_332' title='bbox 972 3785 1103 3856; x_wconf 78' lang='lat' dir='ltr'>quasique</span> <span class='ocrx_word' id='word_1_333' title='bbox 1131 3784 1303 3835; x_wconf 78' lang='lat' dir='ltr'>silvescentia</span> <span class='ocrx_word' id='word_1_334' title='bbox 1330 3784 1376 3837; x_wconf 84' lang='lat' dir='ltr'>ui·</span> 
     </span>
     <span class='ocr_line' id='line_1_38' title="bbox 289 3853 466 3908; baseline -0.028 0"><span class='ocrx_word' id='word_1_335' title='bbox 289 3857 371 3908; x_wconf 86' lang='lat' dir='ltr'>mium</span> <span class='ocrx_word' id='word_1_336' title='bbox 392 3853 466 3904; x_wconf 84' lang='lat' dir='ltr'>vitia.</span> 
     </span>
     <span class='ocr_line' id='line_1_39' title="bbox 360 3923 1376 3998; baseline 0.002 -21"><span class='ocrx_word' id='word_1_337' title='bbox 360 3923 438 3977; x_wconf 86' lang='lat' dir='ltr'>Sedit</span> <span class='ocrx_word' id='word_1_338' title='bbox 460 3930 548 3976; x_wconf 84' lang='lat' dir='ltr'>nutem</span> <span class='ocrx_word' id='word_1_339' title='bbox 570 3924 599 3974; x_wconf 92' lang='lat' dir='ltr'>in</span> <span class='ocrx_word' id='word_1_340' title='bbox 623 3941 714 3976; x_wconf 83' lang='lat' dir='ltr'>eorum</span> <span class='ocrx_word' id='word_1_341' title='bbox 733 3923 867 3996; x_wconf 78' lang='lat' dir='ltr'>quolibet</span> <span class='ocrx_word' id='word_1_342' title='bbox 894 3925 1018 3998; x_wconf 87' lang='lat' dir='ltr'>quisquis</span> <span class='ocrx_word' id='word_1_343' title='bbox 1036 3926 1117 3995; x_wconf 72' lang='lat' dir='ltr'>igitur</span> <span class='ocrx_word' id='word_1_344' title='bbox 1134 3923 1178 3977; x_wconf 89' lang='lat' dir='ltr'>dei</span> <span class='ocrx_word' id='word_1_345' title='bbox 1194 3924 1376 3979; x_wconf 80' lang='lat' dir='ltr'>ministerium</span> 
     </span>
     <span class='ocr_line' id='line_1_40' title="bbox 290 3995 834 4063; baseline -0.002 -15"><span class='ocrx_word' id='word_1_346' title='bbox 290 3995 359 4060; x_wconf 88' lang='lat' dir='ltr'>obit,</span> <span class='ocrx_word' id='word_1_347' title='bbox 375 3995 487 4047; x_wconf 74' lang='lat' dir='ltr'>theonius</span> <span class='ocrx_word' id='word_1_348' title='bbox 506 4003 587 4063; x_wconf 88' lang='lat' dir='ltr'>atque</span> <span class='ocrx_word' id='word_1_349' title='bbox 606 3995 702 4046; x_wconf 85' lang='lat' dir='ltr'>soiiusu</span> <span class='ocrx_word' id='word_1_350' title='bbox 720 3995 765 4048; x_wconf 87' lang='lat' dir='ltr'>dei</span> <span class='ocrx_word' id='word_1_351' title='bbox 787 4006 834 4048; x_wconf 83' lang='lat' dir='ltr'>est</span> 
     </span>
     <span class='ocr_line' id='line_1_41' title="bbox 360 4063 1377 4136; baseline 0.002 -19"><span class='ocrx_word' id='word_1_352' title='bbox 360 4065 429 4118; x_wconf 87' lang='lat' dir='ltr'>Nam</span> <span class='ocrx_word' id='word_1_353' title='bbox 453 4082 486 4116; x_wconf 82' lang='lat' dir='ltr'>ea</span> <span class='ocrx_word' id='word_1_354' title='bbox 515 4063 549 4116; x_wconf 86' lang='lat' dir='ltr'>‹le</span> <span class='ocrx_word' id='word_1_355' title='bbox 568 4081 647 4117; x_wconf 84' lang='lat' dir='ltr'>causa</span> <span class='ocrx_word' id='word_1_356' title='bbox 664 4066 765 4119; x_wconf 90' lang='lat' dir='ltr'>dicitur</span> <span class='ocrx_word' id='word_1_357' title='bbox 783 4068 907 4136; x_wconf 83' lang='lat' dir='ltr'>spiritum</span> <span class='ocrx_word' id='word_1_358' title='bbox 924 4067 954 4118; x_wconf 93' lang='lat' dir='ltr'>in</span> <span class='ocrx_word' id='word_1_359' title='bbox 973 4067 1011 4118; x_wconf 91' lang='lat' dir='ltr'>eis</span> <span class='ocrx_word' id='word_1_360' title='bbox 1029 4065 1192 4122; x_wconf 82' lang='lat' dir='ltr'>consedisse.</span> <span class='ocrx_word' id='word_1_361' title='bbox 1220 4073 1304 4136; x_wconf 85' lang='lat' dir='ltr'>atque</span> <span class='ocrx_word' id='word_1_362' title='bbox 1322 4067 1377 4119; x_wconf 81' lang='lat' dir='ltr'>boc</span> 
     </span>
     <span class='ocr_line' id='line_1_42' title="bbox 289 4135 1377 4207; baseline 0 -18"><span class='ocrx_word' id='word_1_363' title='bbox 289 4135 371 4190; x_wconf 73' lang='lat' dir='ltr'>niodo</span> <span class='ocrx_word' id='word_1_364' title='bbox 387 4135 485 4207; x_wconf 83' lang='lat' dir='ltr'>repleti</span> <span class='ocrx_word' id='word_1_365' title='bbox 504 4136 613 4188; x_wconf 86' lang='lat' dir='ltr'>fuerunt</span> <span class='ocrx_word' id='word_1_366' title='bbox 630 4153 723 4189; x_wconf 89' lang='lat' dir='ltr'>omnes</span> <span class='ocrx_word' id='word_1_367' title='bbox 742 4146 833 4190; x_wconf 87' lang='lat' dir='ltr'>sancto</span> <span class='ocrx_word' id='word_1_368' title='bbox 854 4137 964 4207; x_wconf 83' lang='lat' dir='ltr'>spiritu,</span> <span class='ocrx_word' id='word_1_369' title='bbox 986 4147 1188 4207; x_wconf 82' lang='lat' dir='ltr'>coeperuntque</span> <span class='ocrx_word' id='word_1_370' title='bbox 1212 4136 1290 4206; x_wconf 86' lang='lat' dir='ltr'>loqui</span> <span class='ocrx_word' id='word_1_371' title='bbox 1319 4139 1377 4189; x_wconf 84' lang='lat' dir='ltr'>liu·</span> 
     </span>
     <span class='ocr_line' id='line_1_43' title="bbox 291 4205 1377 4282; baseline 0.005 -25"><span class='ocrx_word' id='word_1_372' title='bbox 291 4208 350 4274; x_wconf 78' lang='lat' dir='ltr'>gnis</span> <span class='ocrx_word' id='word_1_373' title='bbox 361 4207 430 4272; x_wconf 84' lang='lat' dir='ltr'>niiie,</span> <span class='ocrx_word' id='word_1_374' title='bbox 441 4215 524 4280; x_wconf 83' lang='lat' dir='ltr'>prout</span> <span class='ocrx_word' id='word_1_375' title='bbox 538 4207 647 4280; x_wconf 77' lang='lat' dir='ltr'>spiritns</span> <span class='ocrx_word' id='word_1_376' title='bbox 663 4207 712 4263; x_wconf 86' lang='lat' dir='ltr'>itte</span> <span class='ocrx_word' id='word_1_377' title='bbox 725 4205 808 4262; x_wconf 78' lang='lat' dir='ltr'>debet</span> <span class='ocrx_word' id='word_1_378' title='bbox 822 4207 860 4262; x_wconf 88' lang='lat' dir='ltr'>cis</span> <span class='ocrx_word' id='word_1_379' title='bbox 874 4208 958 4280; x_wconf 85' lang='lat' dir='ltr'>loqui.</span> <span class='ocrx_word' id='word_1_380' title='bbox 968 4217 1113 4282; x_wconf 77' lang='lat' dir='ltr'>propterea</span> <span class='ocrx_word' id='word_1_381' title='bbox 1123 4206 1252 4261; x_wconf 83' lang='lat' dir='ltr'>dicebant</span> <span class='ocrx_word' id='word_1_382' title='bbox 1261 4207 1377 4262; x_wconf 61' lang='lat' dir='ltr'>adsum</span> 
     </span>
    </p>
   </div>
   <div class='ocr_carea' id='block_1_5' title="bbox 0 0 1516 4859">
    <p class='ocr_par' dir='ltr' id='par_1_8' title="bbox 0 0 1516 4859">
     <span class='ocr_line' id='line_1_44' title="bbox 0 0 1516 4859; baseline 0 0"><span class='ocrx_word' id='word_1_383' title='bbox 0 0 1516 4859; x_wconf 95' lang='lat' dir='ltr'> </span> 
     </span>
    </p>
   </div>
  </div>
 </body>
</html>
