3000 4859
565 297 680 408 96
1141 288 1146 303 '
1246 317 1675 384 mcmms
1737 317 2061 383 ommi-3
2149 356 2155 366 ·

560 470 767 537 τοίνυν
807 467 841 535 ὅ
881 461 1028 555 ὄφις
1064 464 1137 533 τὸ
1179 469 1453 551 πήγανον
1494 469 1814 548 ἐντεῦθεν,
1852 469 2021 533 καθά
2066 467 2265 554 δήπου
2300 471 2410 533 καί
2445 467 2552 532 τόν
2586 489 2727 550 χει·-

566 573 747 652 μῶνα
791 568 896 632 διὰ
930 567 1039 652 τὴν
1080 566 1435 651 ὑπερβολὴν
1480 571 1595 649 τῆς
1637 565 2058 650 ψυχρότητος.

740 661 926 732 Οὕτω
978 669 1096 746 μὲν
1156 660 1270 730 οὖν
1323 665 1402 730 τά
1449 669 1580 745 ζῶα
1621 663 1825 731 πάντα
1874 668 2159 752 φυσικῶς
2198 659 2329 731 οἶδε
2371 662 2444 730 τό
2485 687 2554 729 τε
2593 688 2728 729 σω-

561 764 778 850 τήριον
815 765 885 828 τό
928 786 998 828 τε
1053 763 1367 849 ὄλέθριον.
1486 763 1554 829 αἱ
1628 767 1698 829 δὲ
1738 771 1889 849 παρ’
1941 765 2156 840 αὐτοῖς
2198 765 2576 849 προγνώσεις
2612 766 2731 845 τῆς

508 868 715 946 Cuspi
749 861 862 927 τὸν
927 863 1087 948 α’έρα
1131 864 1479 947 μεταβολῆς
1533 868 1721 928 ποίαν
1772 862 1926 946 οὐχὶ
1979 860 2229 929 σύνεσιν
2279 858 2528 946 λογικὴν
2567 861 2792 924 ἄπο-5

567 962 990 1048 κρύπτουσινς
1060 956 1218 1024 ὅπου
1276 986 1343 1044 γε
1384 960 1453 1026 τὸ
1515 967 1635 1043 μὲν
1692 961 2004 1047 πρόβατον
2064 964 2375 1044 χειμῶνος
2413 957 2731 1044 προϊόντος

567 1061 816 1144 λάβρως
876 1062 1326 1142 ἒπεμβάλλεται
1385 1063 1463 1149 τῇ
1509 1063 1712 1148 τροφῇ
1766 1058 1979 1144 ὥσπερ
2040 1057 2527 1140 ἐπισιτιζόμενον
2567 1056 2734 1141 πρὸς

565 1159 684 1245 τὴν
723 1164 1078 1241 μέλλουσαν
1146 1157 1410 1224 ἔνδειαν.
1496 1153 1617 1244 ἤδη
1661 1162 1732 1224 δέ
1774 1182 1872 1233 τις
1911 1163 2038 1224 τῶν
2080 1157 2436 1244 φιλοπόνων
2472 1162 2579 1222 καί
2617 1155 2733 1220 τόν

565 1268 868 1343 χερσαῖον
912 1261 1116 1338 ἐχῖνον
1144 1260 1409 1342 ἐτήρησε
1452 1261 1674 1333 διπλᾶς
1722 1256 2037 1333 άναπνοάς
2071 1262 2144 1343 τῇ
2181 1251 2414 1321 ἑαυτοῦ
2451 1250 2733 1319 καταδό-

567 1381 668 1424 σει
725 1355 1280 1442 μηχανησάμενον,
1332 1358 1441 1421 καί
1491 1359 1826 1436 μέλλοντος
1897 1359 2121 1440 βορέου
2166 1363 2342 1419 πνεῖν
2388 1349 2730 1439 άποφράσ..
2760 1373 2836 1412 ιο

566 1481 761 1523 σοντα
820 1456 938 1538 τὴν
996 1455 1303 1540 ἀρκτῴαν,
1362 1453 1546 1518 νότου
1602 1455 1672 1518 δὲ
1712 1450 1900 1518 πάλιν
1950 1453 2446 1536 μεταβάλλοντος
2483 1446 2572 1528 εἷς
2615 1452 2734 1536 τὴν

567 1554 984 1642 προσάρκτιον
1023 1556 1498 1633 μεταβαίνοντα.
1788 1549 1791 1552 ’

728 1649 916 1718 Ἀλλά
964 1655 1075 1713 καί
1110 1648 1221 1733 τὴν
1259 1654 1380 1714 τῶν
1427 1652 1856 1734 αἰσθητηρίων
1897 1650 2264 1734 περιουσίαν
2302 1651 2578 1734 μεγάλην
2607 1673 2735 1712 πα-

574 1750 656 1836 ρά
699 1759 830 1824 τοῖς
901 1749 1084 1827 ζώοις
1147 1747 1273 1812 ἴδοι
1314 1771 1409 1823 τις
1467 1742 1570 1813 ἄν.
1681 1750 1742 1813 εἰ
1799 1749 1888 1833 μὴ
1936 1749 2057 1832 γάρ
2100 1754 2289 1814 τοῦτο
2340 1744 2455 1833 ἦν,
2496 1750 2612 1812 οὐκ
2653 1742 2738 1812 ἂν

504 1846 825 1934 Βάρνειός
863 1851 931 1913 ἐν
968 1851 1225 1930 μυρίοις
1260 1844 1598 1932 προβάτοις
1648 1850 1773 1912 τῶν
1817 1852 2024 1932 σηκῶν
2064 1848 2469 1930 ἐξαλλόμενος
2507 1845 2624 1931 τήν
2663 1871 2735 1912 τε
2763 1844 2835 1905 ¹5

566 1944 799 2034 χροιάν
856 1947 969 2009 καί
1026 1942 1244 2030 φωνήν
1301 1944 1413 2027 τὴν
1453 1950 1562 2027 τῆς
1590 1942 1826 2029 μητρὸς
1869 1948 2104 2029 ἐπέγνω
2144 1947 2255 2010 καί
2293 1947 2451 2029 πρὸς
2493 1948 2739 2029 ἐκείνην

569 2047 870 2132 ἠπείγετο,
922 2046 1032 2107 καί
1067 2046 1262 2107 ταῦτα
1306 2041 1504 2106 πολλὰ
1543 2042 1976 2128 παραδραμών
2021 2040 2265 2108 οὔθατα
2304 2044 2733 2129 βαρυνόμενα.

572 2145 704 2210 ἐστι
745 2146 855 2208 καί
887 2139 1008 2227 γάρ
1053 2143 1201 2222 παρ’
1249 2140 1467 2216 αὐτοῖς
1521 2139 1817 2227 αἴσθησις
1867 2144 1975 2226 τῆς
2016 2139 2332 2227 ἡμετέρας
2375 2143 2743 2226 καταλήψε-

573 2267 660 2321 ως
702 2241 962 2325 ὀξυτέρα
985 2289 1004 2322 ,
1042 2245 1190 2304 καθ’
1234 2237 1312 2324 ἢν
1350 2236 1591 2329 ἑκάστῳ
1638 2239 1896 2327 πάρεστι
1942 2245 2059 2306 τοῦ
2101 2244 2328 2307 οἰκείου
2373 2239 2736 2324 διάγνωσις.

574 2336 754 2408 οὔπω
827 2338 886 2406 οἱ
947 2338 1198 2414 ὄδόντες
1254 2339 1342 2426 τῷ
1398 2338 1700 2421 σκύλακι,
1760 2340 1871 2404 καί
1908 2334 2078 2421 ὅμως
2110 2339 2225 2413 διά
2272 2343 2390 2406 τοῦ
2429 2340 2844 2422 στόματοςαο

572 2439 882 2525 ἀμύνεται
946 2437 1057 2503 τόν
1098 2433 1483 2521 λυπήσαντα.
1584 2432 1763 2503 οὔπω
1806 2436 1884 2504 τά
1929 2443 2165 2523 κέρατα
2204 2443 2289 2526 τῷ
2327 2437 2543 2527 μόσχῳ
2568 2488 2589 2523 ,
2627 2441 2741 2504 καὶ

721 2611 795 2663 16.
831 2600 931 2674 τὴν
963 2607 1202 2679 μητέρος
1239 2604 1299 2656 Ρ.

574 2767 927 2835 tingueretur.
977 2760 1079 2812 hae
1131 2759 1201 2812 ‹le
1242 2775 1401 2810 causa
1440 2774 1663 2828 serpens
1699 2761 1776 2812 sie
1817 2770 1990 2814 rutam
2030 2763 2163 2831 fugit
2201 2780 2260 2814 ac
2298 2763 2462 2826 vitat,
2497 2763 2641 2816 sicut
2679 2772 2739 2816 et

576 2837 841 2896 hiemem,
876 2841 1099 2900 propter
1129 2831 1352 2881 nimium
1390 2829 1601 2881 scilicet
1637 2831 1822 2900 frigus.

715 2907 801 2957 Sic
840 2903 1003 2970 igitur
1035 2901 1287 2952 animalia
1329 2907 1520 2950 cuncta
1554 2901 1691 2968 quid
1727 2902 1961 2964 salutare
1999 2904 2068 2954 sit
2113 2903 2274 2971 ipsis,
2312 2902 2445 2972 quid
2483 2903 2740 2970 exitiale,

576 2977 844 3044 cognitum
882 2971 1103 3022 habent.
1141 2973 1244 3023 iam
1277 2986 1417 3039 quae
1455 2978 1582 3021 sunt
1621 2971 1764 3042 apud
1803 2989 1866 3024 ea
1903 2989 2078 3024 rerum
2116 2975 2411 3025 suturarum
2447 2976 2741 3042 praesagia,

575 3045 726 3097 verbi
768 3043 961 3111 gratia,
1002 3042 1070 3093 ‹le
1104 3043 1242 3093 aeris
1277 3042 1606 3094 mutatione:
1644 3044 1829 3113 (quam
1867 3042 2088 3095 obsecro
2127 3043 2466 3112 prudentiam
2505 3046 2741 3095 rationa-

576 3117 683 3167 lem
720 3128 937 3183 quoque
972 3128 1083 3163 non
1116 3112 1440 3163 obscurant?
1478 3113 1592 3163 ovis
1641 3113 1966 3164 adventante
2001 3112 2180 3164 hieme
2208 3130 2364 3182 parce
2407 3115 2739 3167 nutrimento

575 3186 846 3246 vescitur,
886 3184 1039 3252 quasi
1083 3182 1349 3253 quandam
1387 3181 1490 3232 sibi
1533 3192 1855 3235 commeatus
1887 3183 2096 3252 copiam
2139 3201 2235 3252 pro
2271 3191 2520 3235 secutura
2557 3185 2741 3254 inopia

579 3255 929 3324 comparans.)
966 3254 1261 3323 quinetiam
1301 3251 1546 3304 homines
1581 3253 1834 3306 industrii
1858 3261 2164 3306 terrestrem
2192 3254 2443 3305 echinum
2477 3255 2590 3306 sive
2635 3256 2741 3306 eri-

577 3341 803 3378 naceurn
840 3326 1220 3393 respirationes
1260 3322 1363 3373 sibi
1403 3324 1640 3391 geminas
1681 3325 1983 3393 excogitare
2025 3324 2134 3376 suis
2174 3325 2232 3375 in
2268 3326 2449 3375 lustris
2487 3324 2742 3376 observa-

586 3405 722 3448 runt.
774 3392 921 3464 quod
977 3395 1022 3446 si
1067 3395 1363 3462 spiraturus
1420 3402 1504 3445 est
1551 3394 1772 3462 aquilo,
1821 3404 2027 3463 partem
2079 3395 2442 3515 aluilonalem
2479 3394 2743 3447 obstruit:

586 3465 730 3536 quod
765 3465 811 3516 si
842 3472 1003 3515 vento
1044 3472 1251 3515 mutato
1308 3462 1403 3515 flat
1440 3472 1659 3527 auster,
1703 3465 1773 3515 ad
1812 3465 2053 3516 foramen
2089 3484 2120 3516 o
2161 3482 2371 3517 versum
2408 3466 2649 3536 aquiloni
2683 3481 2743 3517 se

582 3537 805 3587 consert-

723 3604 895 3656 Etiam
932 3603 1206 3654 sentiendi
1243 3619 1564 3670 organorum
1617 3602 1674 3652 in
1711 3601 2029 3654 animalibus
2064 3606 2436 3658 excellentiam
2475 3603 2743 3674 quandam

582 3691 800 3726 cernere
851 3673 1016 3723 licet:
1081 3674 1281 3742 absque
1319 3689 1426 3741 quo
1464 3673 1634 3735 foret,
1692 3687 1857 3739 agnus
1894 3673 2035 3723 inter
2067 3692 2192 3728 oves
2237 3677 2537 3727 innumeras
2575 3674 2744 3725 caulis

582 3747 815 3797 inclusas
868 3742 1155 3806 exsiliens,
1214 3741 1447 3794 colorem
1513 3758 1806 3810 vocemque
1857 3745 2042 3795 matris
2092 3745 2239 3798 haud
2274 3755 2608 3815 agnosceret,
2644 3761 2748 3796 nee

582 3816 655 3866 nil
690 3832 806 3866 eam
847 3829 905 3864 se
946 3812 1189 3864 studiose
1230 3812 1516 3874 conferret,
1544 3813 1858 3879 praesertim
1897 3831 2014 3864 cum
2052 3816 2217 3868 ubera
2255 3819 2422 3868 multa
2453 3816 2612 3867 valde
2632 3815 2746 3866 dis-

586 3894 734 3940 tenta
779 3891 1096 3951 gravataque
1131 3889 1452 3951 praetereat.
1489 3883 1740 3933 nimirum
1785 3891 1867 3935 est
1901 3884 1959 3934 in
2007 3885 2085 3936 eis
2117 3905 2306 3938 sensus
2344 3887 2548 3949 acrior,
2587 3903 2748 3955 quam

586 3971 685 4008 nos
721 3954 1109 4005 existimemus:
1146 3968 1254 4021 quo
1290 3952 1309 4001 i
1348 3969 1406 4003 so
1443 3952 1724 4021 quaelibet
1755 3951 1823 4003 ab
1861 3955 2052 4007 alienis
2086 3974 2184 4008 sua
2221 3958 2555 4026 dignoscunt.
2621 3973 2754 4007 nee.

590 4028 716 4076 llum
753 4024 964 4075 catulus
1015 4022 1206 4074 dentes
1250 4021 1318 4070 ha
1361 4030 1445 4083 et,
1493 4040 1556 4073 ac
1605 4021 1959 4076 nihilominus
2006 4042 2064 4077 se
2118 4028 2425 4079 laedentem
2459 4045 2551 4079 ore
2589 4027 2752 4078 vicis·
2809 4037 2818 4045 ·

590 4097 687 4148 aim
723 4093 1012 4147 ulciscitur.
1052 4091 1281 4143 necdum
1316 4108 1515 4142 cornua
1551 4093 1752 4144 vitulus
1808 4092 2010 4159 habet,
2045 4114 2105 4147 ac
2142 4098 2490 4150 nibilominus
2530 4113 2639 4166 quo
2666 4096 2753 4146 lo.

594 4186 652 4217 iso
687 4166 791 4236 ipsi
831 4179 974 4215 arma
1009 4163 1121 4215 sint
1154 4160 1433 4232 proditura
1479 4164 1645 4216 novit.
1681 4164 2029 4234 quamobrem
2067 4170 2341 4238 praeclare
2379 4169 2520 4221 dixit
2543 4167 2751 4239 llippo-
