3000 4859
478 360 690 423 ANNALttJtt
718 360 823 423 onus
851 364 878 424 ι.
1015 404 1019 415 .
1132 335 1217 447 ,57

134 511 186 580 καί
221 508 413 590 ύπίνκοιομα
451 506 570 592 ταύτην
597 506 613 573 ὅ
644 512 858 596 Ἀριστοτέλης
883 510 1034 597 ἐκάλεσι,-
1058 517 1221 581 τουτέστιν

132 611 305 701 ύφειμένον
324 609 405 693 πύρ·
455 604 472 671 δ
496 606 557 694 γάρ
579 607 694 685 καπνὸς
715 608 836 694 θερμὸς
856 614 916 690 μέν
937 608 1025 693 ἐστι,
1044 610 1090 697 μή
1112 617 1222 694 μέντοι

130 736 164 797 χε
194 712 260 796 πύρ
284 707 522 794 αύτενέργητον.
575 706 741 787 ἐξάπτεται
771 711 814 797 τῇ
833 710 897 786 δτού
923 710 1039 789 παντύς
1058 715 1222 799 περιφορᾷ

129 808 381 895 συγκινούμενον.
433 808 501 871 ἀλλ’
532 806 654 891 ήμέρας
683 811 743 890 μὲν
772 806 811 871 ού
839 810 988 892 φαίνεται
1008 808 1063 873 διά
1083 812 1140 893 τήν
1161 814 1222 875 τού

105 906 220 993 5ήλίον
250 906 480 991 μαρμαρνγήν,
509 902 619 981 νυκτὸς
649 906 685 971 δὲ
706 904 746 971 τά
774 910 908 972 τοιαῦτα
929 905 1065 991 διάδηλα
1085 911 1217 990 γίνεται.

129 1006 261 1073 ἐπειδάν
292 1000 351 1070 σύν
383 1002 420 1069 τὸ
449 1006 545 1091 μέρος
576 1006 633 1069 τού
662 1003 903 1087 ὑπεκκαύματος
929 1003 984 1071 διά
1010 1004 1070 1090 τήν
1101 1007 1221 1090 κίνησιν

131 1108 278 1194 ἐξαφθῇ,
313 1106 420 1187 εἰμὲν
448 1104 505 1168 ούτι
527 1101 639 1191 ἐντύχῃ
667 1099 790 1189 ἑτέραις
817 1106 941 1181 ούσίαις
960 1106 1153 1189 ἐπιτηδείοις
1175 1105 1294 1181 struto

131 1203 263 1287 ἔξαψιν,
286 1207 403 1269 θάττον
420 1205 705 1287 ἐναποσβέννοται,
738 1201 868 1269 ἐπειδάν
896 1206 932 1270 δέ
953 1207 1084 1289 κινηθὲν
1103 1206 1221 1294 παχειηι

132 1302 190 1393 ύλῃ
210 1300 350 1392 ἐγκύρσῃ
369 1306 439 1385 τινί,
460 1304 560 1368 ἐκεῖσε
583 1304 754 1386 ἐνίσχεται·
797 1297 873 1368 ὅθεν
891 1300 912 1388 ή
932 1305 1061 1387 τοιαύτη
1083 1296 1145 1386 ύλη
1164 1327 1220 1368 κα-

91 1402 168 1469 τοτύ
187 1406 253 1469 πᾶν
273 1404 465 1485 ἐξαπτομένη
486 1398 540 1479 ui}
559 1424 594 1465 τι
614 1404 671 1467 καί
689 1400 825 1489 κομήτης
846 1405 1005 1485 λένεται.’
1023 1401 1219 1487 άποσπινθη-

132 1506 266 1587 ριζονσα
284 1499 344 1585 γάρ
368 1504 458 1566 δοκεῖ
470 1498 538 1566 τινά
557 1496 655 1585 κόμην
678 1498 765 1585 ἔχειν
796 1505 987 1585 καθειμένην
1004 1504 1061 1565 καί
1081 1492 1135 1565 oid
1154 1524 1221 1566 τισι

132 1608 260 1683 μαλλοῖς
281 1603 359 1666 κατά
379 1598 438 1675 τάς
458 1594 550 1684 αἶγας
568 1604 761 1685 βρίθεσθαι·
816 1599 918 1690 ταύτῃ
938 1622 990 1665 τοι
1009 1602 1065 1665 καί
1082 1598 1221 1684 κομήτης

133 1698 165 1765 τύ
186 1703 329 1765 τοιοῦτον
356 1696 469 1786 φάσμα
499 1696 687 1780 αι’νόμασται.
739 1692 830 1775 οὗτος
849 1704 909 1783 μὲν
927 1698 944 1766 ὅ
963 1698 1098 1784 κομήτης
1118 1701 1220 1765 ἐνίοτε

134 1804 187 1864 καί
202 1795 402 1884 πολοήμερύς
424 1800 528 1882 ἐστιν,
549 1798 706 1885 ἀρκούσης
726 1802 784 1883 τῆς
806 1801 1013 1885 ύποκτιμένης
1037 1802 1123 1888 αύτρῖ
1140 1794 1220 1883 ύλης

96 1900 180 1974 ιέτίς
195 1898 329 1983 χρονίαν
349 1896 473 1979 ἔξαψιν.
530 1900 675 1963 ἐντεῦθεν
704 1892 763 1965 ούν
782 1898 867 1984 ἴσχει
891 1898 948 1984 τήν
965 1903 1086 1983 γένεσιν
1105 1896 1162 1962 καί
1181 1896 1216 1962 τύ
1282 1977 1285 1981 ¹

135 2000 245 2064 δοκούν
265 2002 298 2075 ἐξ
320 1984 469 2080 oripuu'uir⁴
481 1999 650 2085 ῥίπτεσθαι
670 2004 734 2083 πύρ
760 2001 892 2082 αἰθρίας
912 1993 1010 2083 ούσης
1021 2003 1078 2082 τῆς
1099 1993 1218 2077 νύκτάς,

135 2095 208 2182 tte}
231 2100 291 2161 καί
305 2120 389 2173 τινες
418 2099 481 2163 τῶν
507 2097 737 2185 ἅμροικοτέρων
766 2090 882 2184 άστρον
908 2096 1057 2178 ούράνιον
1074 2092 1246 2181 ἥγηνταις

136 2198 199 2261 αλλ’
228 2195 261 2261 οἱ
288 2194 363 2281 περί
394 2194 434 2262 τά
464 2200 595 2263 τοιαῦτα
627 2196 840 2282 ήσχολημένοι
871 2193 907 2262 τύ
937 2198 1079 2259 τοιοῦτον
1103 2192 1220 2282 φάσμα

76 2340 78 2349 ‚
134 2296 294 2361 ditinum
322 2296 598 2377 κατονομάζοοσιν.
654 2295 784 2361 ἐπειδάν
803 2293 865 2381 γάρ
887 2293 924 2360 τύ
945 2291 1000 2358 διά
1020 2292 1077 2377 τήν
1100 2295 1221 2379 κίνησιν

92 2416 127 2459 το
135 2396 272 2481 ἐξαφθὲν
291 2391 386 2471 ύλαις
406 2397 596 2481 ἐπιτηδείοις
618 2396 663 2471 είς
687 2392 803 2477 ἔξαψιν
823 2391 955 2481 ἐντύχῃ,
974 2390 1147 2457 κάντεύθεν
1166 2386 1220 2457 άπ·

135 2488 232 2578 άλλης
261 2496 306 2570 τίς
334 2487 432 2579 άλλην
467 2496 644 2581 φερομένης
669 2496 725 2578 τῆς
746 2491 864 2581 φλοχύς
890 2490 1077 2575 διαδύσιμον
1095 2493 1220 2575 γίνηται

202 2695 228 2747 θ.
250 2691 281 2748 δέ
297 2694 396 2748 deerot
471 2712 510 2748 ro.
527 2693 598 2771 πᾶν]
618 2696 736 2753 πάντων
753 2697 784 2749 Β.
865 2710 904 2749 ια.
923 2696 1089 2770 βρίττεσθαι
1103 2694 1133 2745 P.

134 2888 159 2933 el
176 2888 273 2933 natura
298 2882 410 2953 quidem
437 2883 607 2953 essentiaquo
634 2898 681 2936 eun
705 2884 795 2935 fumus
820 2889 877 2948 eet,
905 2898 999 2935 verum
1024 2882 1079 2935 vim
1096 2879 1219 2933 flammae

133 2954 260 3004 continet.
289 2969 343 3022 quo
362 2955 394 3005 tit
422 2961 453 3004 ut
469 2954 628 3006 Aristoteles
655 2970 714 3006 eum
739 2954 862 3005 fomitem
883 2963 977 3018 vocet,
998 2952 1053 3005 hoe
1071 2961 1113 3004 ert
1131 2954 1219 3021 iguem

130 3023 278 3075 remissum.
302 3024 406 3093 quippe
435 3025 525 3075 snmus
547 3032 588 3076 eut
609 3023 714 3077 eulidno
744 3023 856 3095 quidem
873 3024 938 3085 ille,
964 3018 1020 3091 τῲ
1039 3032 1131 3075 tomen
1149 3024 1219 3091 ignit

130 3094 155 3143 τί
171 3112 219 3144 suo
237 3102 266 3145 et
283 3094 431 3145 efficaciter
449 3110 537 3163 agens,
550 3094 652 3147 accidit
668 3103 758 3147 nutem
778 3094 906 3162 deinceps
924 3102 955 3144 ut
973 3095 1070 3161 agitata
1089 3111 1149 3145 oum
1166 3094 1219 3145 hoo

130 3164 254 3215 universo
282 3164 452 3218 accendatur,
476 3174 504 3216 et
530 3165 651 3217 interdiu
680 3166 792 3235 quidem
809 3164 845 3215 ob
870 3162 1043 3232 splendorem
1060 3164 1126 3215 solio
1142 3164 1218 3216 haud

131 3236 309 3304 conspicitur,
331 3243 413 3287 noctu
437 3252 501 3287 vero
526 3244 646 3305 apparot.
678 3246 856 3305 posteaquam
872 3234 974 3286 fomitis
991 3232 1066 3285 illiue
1083 3251 1144 3304 pero
1164 3235 1220 3285 olio

166 3320 183 3355 a
200 3314 314 3374 propter
335 3314 436 3357 motum
457 3322 568 3357 acconen
595 3306 795 3375 deflagraverit,
825 3306 849 3357 εἰ
880 3306 948 3355 uliae
966 3304 1096 3355 essentias
1116 3304 1153 3357 ad
1171 3306 1217 3357 in-

147 3378 336 3427 ammationem
348 3375 460 3428 idoneae
478 3394 534 3429 nou
552 3386 740 3447 consequntur,
757 3377 837 3429 eitius
854 3376 1038 3444 extinguitur:
1057 3375 1099 3426 ein
1115 3376 1175 3445 ipto
1187 3377 1217 3427 in

127 3454 202 3497 moto
213 3446 249 3497 ad
263 3444 529 3516 cruseam'quundnm
543 3449 684 3519 materiem
696 3448 817 3511 feratur,
829 3449 912 3513 magis
928 3447 1072 3499 iuvnleicit
1088 3454 1117 3498 et
1135 3462 1218 3516 onge-

128 3520 177 3567 tur.
193 3516 269 3567 unde
285 3517 317 3568 fit
327 3526 357 3568 ut
369 3517 527 3569 huiusmodi
543 3520 669 3570 materies
691 3535 802 3570 accensu
820 3518 928 3587 penitus
947 3534 1026 3585 capra
1044 3525 1217 3587 cometeeque
1289 3518 1294 3525 ’

126 3596 247 3639 vocetur.
262 3589 371 3657 qnippe
396 3588 459 3639 dum
478 3590 628 3653 scintillat,
653 3605 757 3641 comam
775 3590 853 3659 quoii
870 3588 1007 3657 qrrnndum
1030 3586 1133 3639 habere
1152 3603 1217 3656 pro-

126 3652 209 3707 lixam
230 3658 347 3721 ridetur,
364 3660 448 3711 ueluti
471 3676 505 3711 ue
520 3660 590 3712 louis
611 3676 750 3729 caprarum
768 3661 798 3711 in
816 3676 918 3711 morem
937 3668 1033 3710 onusto
1051 3674 1128 3725 οντες
1145 3674 1217 3727 quae

15 3724 17 3783 ζ
126 3726 183 3795 ipsa
200 3728 272 3779 ratio
296 3736 339 3779 est
364 3676 539 3797 (prandiorum
565 3740 700 3792 cometes,
726 3729 779 3782 hoe
796 3739 838 3782 eet
853 3731 979 3781 erinitum
998 3728 1074 3782 σίδαι
1093 3728 1218 3797 appelle·

126 3804 176 3847 tur.
196 3806 227 3849 et
245 3796 326 3851 durnt
342 3798 480 3853 interdum
501 3800 598 3853 diebus
617 3801 824 3871 compluribus,
847 3800 976 3852 nimirum
993 3800 1107 3851 materie
1124 3798 1217 3849 subie-

126 3874 167 3919 eu
187 3867 345 3921 diuturnum
358 3869 393 3921 od
410 3872 649 3923 inssammntiouem
663 3872 825 3924 sufficiente.
838 3870 873 3923 de
890 3888 970 3923 muso
989 3870 1084 3922 endem
1103 3878 1132 3921 et
1148 3870 1217 3939 ignit

15 3952 17 3987 :
126 3940 214 3990 oritur
230 3939 280 3990 ille
301 3941 349 4009 qni
366 3943 492 3993 noctibus
518 3944 621 3995 serenio
642 3958 658 3994 e
676 3944 754 3994 coelo
777 3942 835 3994 lubi
851 3942 977 4005 videtur,
997 3948 1027 3993 et
1045 3956 1127 4010 quem
1145 3958 1216 3992 non-

125 4010 196 4059 nulli
217 4009 340 4062 rudiores
367 4028 425 4063 ττιε
451 4014 570 4066 coeleste
590 4013 665 4066 sidus
688 4014 857 4078 existimant,
872 4030 933 4065 cum
953 4012 1076 4079 homines
1093 4011 1121 4061 in
1140 4010 1216 4062 hieto

127 4076 280 4149 disciplinis
304 4082 444 4135 exercitati
471 4086 588 4153 opepiem
607 4082 740 4137 eiusmodi
763 4085 951 4137 traiectionem
969 4089 1137 4153 nuncupent
1155 4095 1215 4129 oum

127 4152 199 4201 enim
217 4150 291 4203 illud
306 4152 379 4221 quod
401 4170 434 4206 ex
452 4164 527 4207 ruotu
547 4163 588 4207 est
603 4172 759 4218 accensum,
777 4157 806 4208 in
823 4155 951 4208 materiei
964 4155 1020 4224 igni
1036 4146 1215 4219 concipiendo

128 4218 240 4273 idonens
259 4222 401 4288 inciderit.
422 4232 449 4279 et
477 4225 578 4279 deinde
596 4226 700 4281 damma
723 4226 757 4280 de
772 4244 827 4279 nna
845 4224 887 4279 ed,
900 4224 983 4277 illum
999 4222 1139 4277 materiem
1159 4220 1215 4273 loto
